2318 3892
97 181 117 240 4
293 140 298 146 ⁴
463 128 673 233 ειιιΛιοα

99 346 312 448 μηχανᾶσθαι
322 398 331 433 ,
343 343 432 469 ὅμως
447 339 489 414 άν
503 339 533 433 ἡ
536 342 654 468 γνάμη
666 341 703 411 τὸ
714 355 852 430 κρατεῖν
865 341 1021 434 έστισπβ

66 455 314 541 εαρολαβοῦσα
337 446 373 518 ιό
399 449 549 527 τέλος
510 475 568 536 της
598 446 712 535 μάχης.
753 456 863 514 Δοκεῖ
883 446 924 514 δέ
952 450 1009 532 μοί

100 560 204 623 ταῦτα
231 550 475 642 συμβουλεύειν
496 547 574 619 καὶ
573 547 724 638 Όμηρος·
747 545 829 618 ὅταν
854 544 923 656 γάρ
946 555 1021 660 πολλ

102 685 154 737 κις
172 654 236 750 άδη

491 807 569 824 ····
588 783 609 842 ν
594 717 713 846 δόλιε
728 748 765 841 δὲ
781 758 903 840 βίον,

101 859 209 939 άλλως
231 885 271 926 ου
260 854 507 944 ’παραγγέλλει
525 852 569 945 ,ἢ
590 859 720 944 τέχναις
740 856 795 923 καὶ
816 851 1021 943 στρατηγήμι

100 968 244 1052 χρῆσθαι
265 959 347 1030 κατά
363 965 431 1029 τῶν
452 966 635 1046 πολεμίων·
658 965 689 1027 εί
712 958 748 1026 δὲ
769 972 866 1045 μεῖον
890 959 930 1026 έν
943 955 1020 1025 τοάτ

101 1072 198 1153 ἔχοις,
220 1063 377 1150 τηνικάδε
399 1067 439 1149 τῇ
459 1068 518 1152 βίη
536 1067 605 1132 τῶν
625 1059 789 1150 σωμάτων
814 1056 1021 1129 άποκινδννι

100 1195 187 1238 τεον.

67 1287 83 1340 5
178 1270 315 1355 Πρῶτος
337 1265 399 1354 μὲν
420 1272 538 1334 τοίνυν
558 1267 596 1334 έν
621 1261 859 1351 τοῑςἝλλησιν
882 1259 1021 1360 άμάτηι

102 1371 189 1462 δόλῳ
201 1367 389 1457 χρήσασθαι
404 1368 533 1454 λέγεται
543 1372 698 1455 Σίσυφος
711 1363 728 1437 ὁ
743 1367 891 1436 Αἰόλου·
907 1393 1021 1456 μαρτυι

104 1470 309 1558 δὲ’Όμηρος·

143 1572 251 1642 Ἔνθα
260 1572 298 1640 δὲ
307 1577 461 1659 Σίσυφος
469 1575 577 1656 ἔσκεν,
590 1567 791 1659 δκέρδιστος
799 1566 912 1657 γένετ’
922 1567 1021 1659 άνδρι

67 1696 84 1749 6
102 1676 269 1763 Δεύτερος
290 1675 327 1743 δὲ
340 1672 377 1742 τό
392 1670 563 1761 άιιατηλόν
578 1673 740 1763 ἐζήλωσεν
754 1670 957 1753 Αὐτόλυκος
972 1669 1021 1742 δῗλ

102 1785 177 1868 μοῦ,
193 1780 363 1847 κλέπτων·
379 1778 546 1847 καὶτοῦτο
561 1776 663 1845 πάλιν
680 1767 724 1845 αὖ
738 1792 905 1865 μαρτυρεῖ
913 1773 1021 1866 ’Όμηρ

118 1959 120 1963 ¹
153 1876 391 1968 Παρνησσόνδ’
408 1878 552 1947 ἐλθόντα
562 1877 634 1967 μετ’
651 1876 849 1948 Αὐτόλυκόν
862 1905 901 1948 τε
916 1881 976 1949 καὶ
988 1873 1021 1948 νδ

154 1980 293 2070 Μητρὸς
310 1983 364 2069 ἑῆς
374 1978 483 2069 πατέρ’
496 1980 630 2067 ἐσθλόν,
645 1977 681 2061 ὃς
695 1980 901 2068 ἀνθρώπους
912 1985 1021 2053 έκέκαι

154 2083 375 2172 Κλεπτοσάνη
389 2081 427 2152 θ’
447 2081 535 2179 ὅρκῳ
549 2105 599 2154 τε·
614 2081 694 2164 θεός
709 2086 747 2153 δέ
760 2088 794 2152 οί
805 2080 907 2166 αὐτὸς
920 2091 1021 2156 ἔδωκε

149 2184 310 2277 Ἑρμείας,
321 2240 328 2254 .
339 2239 346 2254 .
357 2238 364 2253 .

70 2304 85 2361 7
99 2286 181 2378 Ἐγοδ
207 2290 313 2368 δὲκαὶ
335 2296 477 2378 Πρωτέα
496 2288 555 2358 τὸν
569 2289 860 2378 μεταβαλλόμενον
880 2296 931 2371 είς
945 2317 1021 2361 παν

104 2390 194 2462 δατά
221 2398 286 2475 ζάα
313 2393 369 2460 καὶ
390 2393 531 2480 δένδρα,
559 2388 704 2480 ἡγοῦμαι
727 2398 792 2476 ζῶα
805 2391 867 2480 μέν
885 2392 1021 2466 πολλά
1019 2432 1021 2443 1

104 2490 282 2584 δένδρα’
243 2521 304 2564 ουκ
320 2491 362 2562 άν
372 2518 451 2562 ποτε
465 2493 636 2582 γενεσθαι,
650 2493 707 2574 τάς
714 2493 913 2621 μεταβολάς
918 2497 957 2567 δὲ
967 2495 1021 2567 αάι

103 2602 173 2667 ’τῶν
190 2592 427 2722 τεχνασμάταν
447 2594 714 2686 ἐμυθοτοίησεν
714 2594 866 2685 Όμηρος,
888 2595 935 2680 εδς
954 2607 1021 2672 δεα

70 2713 88 2765 8
106 2715 251 2791 κρατεῖν
255 2697 364 2784 άτάτη
379 2687 427 2766 ὧν
441 2692 484 2767 άν
497 2698 662 2784 βούλοιτο.
696 2699 762 2768 Τόν
776 2727 814 2786 γε
827 2728 895 2789 μην
908 2698 1021 2775 Ὀδυσι

106 2815 202 2892 ίσμεν
216 2802 272 2870 καὶ
287 2796 570 2888 άλαζονευόμενον
583 2828 623 2889 τη
610 2806 740 2925 σομίηι
757 2829 817 2871 του
802 2802 953 2874 δόλου·

155 2900 238 2991 Είβ’
250 2899 409 2982 Ὀδυσεὺς
422 2899 678 2990 Λαερτιάδης,
667 2902 703 2982 ός
718 2909 798 2973 πάσι
814 2905 969 2977 δόλοισιν

114 3003 379 3130 Ἀηθράτιοισι
392 3007 498 3130 μέλω,
512 3012 576 3074 καί
582 3034 646 3132 μεη
660 3004 809 3086 κλέος’
771 3005 920 3096 ονρανδν
933 3015 1013 3082 λ’κει.

108 3113 154 3179 Ol
170 3103 241 3176 δ”
220 3135 327 3231 ηρηες
341 3109 397 3176 καὶ
410 3135 473 3195 την
487 3114 586 3198 νίκην
601 3106 692 3203 αὐτῷ
706 3106 856 3234 άνῆηαν

156 3214 211 3300 Ση
223 3207 258 3278 δ
274 3207 344 3299 ηλω
359 3216 466 3300 βουλη
481 3212 636 3302 Πριάμου
650 3182 744 3292 πόλις
758 3208 959 3301 εὐρυάγυια

102 3314 170 3382 Καὶ
185 3311 330 3400 άλλαχοῦ
344 3309 437 3383 άλλοι
453 3315 556 3386 πάλιν
575 3307 618 3385 αὖ
638 3320 866 3404 μαρτυροῦσιν
886 3311 1017 3388 άλωυαι

93 3413 393 3496 ’ΊλιονΌδυσσέως

153 3524 266 3609 Βουλῇ
280 3519 335 3587 καλ
348 3518 471 3607 μάθοις
484 3522 540 3590 καὶ
554 3517 756 3611 η’τεροπηίδι
774 3522 883 3609 τέχνη.
