2318 3892
464 217 644 279 ΟΓΔΟΟΝ.
970 216 1036 279 313

72 391 238 482 ἐνέβαλεν
266 394 300 471 ές
324 388 362 460 τὸ
380 390 485 478 στόμα
506 392 563 460 καί
586 391 722 460 κατέπιε
742 388 920 479 φθάσασα,
955 399 1036 480 πρίν

71 523 152 566 τινα
170 500 239 564 τάν
254 494 431 583 παρόντων
443 499 612 583 βοηθήσαι
626 493 804 564 δύνασθαι.
834 491 950 575 Ούτως
965 493 1035 566 έτε-

73 598 217 687 λεύτησε
235 604 383 685 Πορκία,
405 595 606 688 στρατηγική
629 599 686 666 καί
707 595 846 688 άνδρεία
867 597 949 688 πρὸς
968 599 1035 668 θά-

72 729 180 773 νατον
194 703 251 771 καί
264 705 448 791 φίλανδρος
461 702 635 790 γενομένη.

43 899 58 937 s
413 880 453 935 33.
475 882 702 935 ΤΕΛΕΣΙΛΛΑ.

154 1009 345 1096 Κλεομένης
370 1012 594 1097 Σπαρτιατῶν
623 1005 798 1095 βασιλεύς,
835 1013 967 1087 κτείνας
999 1004 1037 1076 ἐν

74 1111 259 1202 παρατάξει
276 1107 437 1198 Ἀργείων
463 1109 587 1199 άνδρας
611 1113 875 1198 ἑπτακισχιλίους
896 1113 1034 1180 ἑπτακο-

75 1221 173 1296 σίους
195 1210 423 1304 ἑβδομήκοντα
450 1212 545 1300 ἑπτά,
572 1212 724 1301 ἐβάδιζεν
737 1210 792 1283 ἐπί
805 1212 972 1303 ιδ”Αργος
993 1208 1037 1294 ὥς

79 1316 164 1390 κατὰ
177 1317 296 1407 κράτος
311 1315 457 1405 αἱρήσων
469 1315 531 1406 τήν
545 1317 659 1387 πόλιν·
677 1319 854 1387 Τελέσιλλα
865 1314 884 1406 ή
896 1316 1039 1406 μουσική

43 1456 63 1497 ,ο
78 1419 138 1503 τάς
156 1419 304 1510 Ἀργείας
326 1416 489 1489 ὁπλίσασα
510 1420 701 1508 προήγαγεν
716 1427 762 1500 είς
776 1421 893 1509 μάχην.
928 1426 976 1489 As
988 1421 1036 1503 δὲ,

79 1530 215 1596 ἔνοπλοι
246 1522 336 1612 παρά
363 1525 499 1604 ἔπαλξιν
526 1523 713 1611 ίστάμεναι,
742 1523 854 1618 κύκλφ
880 1521 919 1591 τά
946 1530 1037 1611 τείχη

50 1684 54 1691 .
80 1627 288 1718 φραξάμεναι
302 1628 474 1714 Κλεομένη
488 1625 550 1714 μίν
560 1621 821 1716 άπεκρούσαντο,
835 1626 1039 1712 Δημάρατον

81 1732 117 1801 δέ
137 1729 198 1801 τὸν
217 1732 333 1820 ἕτερον
352 1731 491 1817 βασιλέα
513 1726 676 1810 ἑξάσαντο
693 1731 749 1798 καί
762 1729 823 1818 τήν
836 1728 936 1797 πόλιν
949 1724 1036 1797 ἁλοί-

80 1863 136 1904 ναι
156 1831 427 1903 κινδυνεύουσαν
446 1828 629 1900 άνέσωσαν.
660 1837 764 1901 Τοῦτο
777 1830 812 1903 τὸ
826 1831 1039 1922 στρατήγημα

43 1932 147 2006 δίτῶν
166 1941 341 2025 γυναικῶν
366 1935 460 2024 μέχρι
481 1940 547 2004 νῦν
564 1932 707 2022 Ἀργείοι
720 1942 856 2025 τιμῶσι,
871 1941 1039 2026 νουμηνίᾳ

77 2039 183 2130 μηνὸς
199 2036 355 2127 Ἑρμαίου
382 2036 440 2117 τάς
458 2037 520 2126 μέν
542 2055 704 2125 γυναῖκας
730 2036 897 2128 άνδρείοις
923 2043 1038 2126 χιτῶσι

75 2147 134 2214 καί
145 2141 305 2232 χλαμύσι,
324 2139 402 2222 τούς
417 2141 454 2211 δὲ
467 2138 592 2231 άνδρας
607 2145 744 2222 πέπλοις
757 2149 963 2231 γυναικείοις
975 2139 1037 2230 άμ-

79 2272 291 2337 φιεννυντες.
588 2266 592 2277 ·

434 2421 477 2476 34.
495 2423 687 2478 ΧΕΙΛΩΝΙΣ.

43 2576 60 2618 ο
159 2552 324 2631 Χειλωνίς
337 2548 474 2618 Κλεάδα
486 2547 651 2637 θυγάτηρ,
661 2547 862 2637 Θεοπόμπου
870 2547 967 2639 γυνή,
976 2577 1039 2639 μα-

76 2661 193 2728 θοῦσα
213 2653 272 2724 τὸν
286 2651 394 2740 άνδρα
415 2648 481 2721 ύπὸ
491 2649 664 2738 Ἀρκάδων
682 2652 890 2738 αἰχμάλωτον
911 2653 1039 2741 φυλάτ-

77 2768 202 2829 τεσθαι
215 2749 323 2846 ήλθεν
338 2753 371 2835 ἐς
384 2753 461 2835 τούς
475 2762 654 2844 πολεμίους
668 2757 801 2825 ἑκοῦσα.
837 2757 1039 2846 Θαυμάσαν-

77 2888 136 2943 τες
159 2858 261 2948 αύτής
288 2858 325 2928 τδ
355 2865 544 2948 φίλανδρον
567 2855 724 2947 Ἀρκάδες
749 2856 935 2951 ἐπέτρεψαν
951 2858 984 2940 ές
1002 2858 1040 2928 τὸ

80 2964 313 3053 δεσμωτήριον
340 2959 445 3050 αύτήν
471 2972 667 3050 παρελθεῖν.
711 2959 754 3031 Ἡ
780 2963 819 3032 δέ
845 2961 907 3050 τήν
939 2958 1041 3050 αύτής

43 3091 65 3139 ἐ
81 3067 209 3156 ἒσθήτα
222 3071 269 3159 τῷ
285 3063 384 3152 άνδρί
399 3076 591 3151 περιθεῖσα,
603 3064 666 3154 τήν
679 3062 811 3135 ε’κείνου
828 3064 864 3133 δέ
883 3062 967 3153 αύτή
982 3073 1040 3134 λα-

82 3176 193 3261 βοῦσα
206 3177 337 3240 ἔπεισεν
352 3164 455 3236 αὐτὸν
471 3163 682 3255 ὑπεξελθεῖν,
698 3165 781 3255 αύτή
798 3167 835 3236 δέ
848 3163 924 3237 ἀντ’
935 3164 1041 3237 αὐτοῦ

83 3272 176 3362 παρά
193 3287 264 3352 τοῖς
285 3279 454 3360 πολεμίοις
474 3276 593 3358 ἔμεινε.
631 3270 826 3358 Θεόπομπος
839 3275 885 3363 τῷ
898 3291 1039 3360 στρατη-

82 3377 207 3469 γήματι
219 3381 277 3464 τῆς
290 3372 449 3463 γυναικὸς
465 3377 644 3455 διασωθείς
657 3375 714 3443 καί
727 3371 827 3455 αὐτὸς
839 3371 902 3464 τήν
916 3376 1042 3465 ίέρειαν

119 3536 312 3544 -α-ι--ῄ-

152 3607 220 3675 Gap.
239 3607 282 3661 33.
320 3608 362 3658 Ex
379 3606 452 3659 Plut.
472 3607 506 3659 de
521 3607 585 3659 virt.
603 3604 668 3657 mul.
682 3608 709 3658 4.
