2318 3892
103 183 165 244 222
213 172 216 176 μ
242 236 244 240 ,
494 181 680 243 ΒΙΒΛΙΟΝ

65 318 84 430 κ
178 354 314 444 Πόρρος
336 352 370 435 ἐς
391 352 453 444 τὴν
473 351 738 444 Πελοπόννησον
751 351 928 444 ἐμβαλόν,
950 363 1036 443 Σπαρ

101 466 224 530 τιατῶν
232 463 451 549 πρεσβευτῶν
460 454 689 527 ἀπαντώντων
697 460 775 545 περὶ
787 456 979 549 Ἀρκαδίαν,
988 469 1036 549 φιλ

101 560 292 653 ανθράπως
314 557 436 641 αὐτοός
454 556 637 642 ὑπεδέξατο
666 558 821 644 καὶτοὺς
841 567 953 644 ἰδίους
973 559 1036 632 υίοέ

101 663 262 754 ὑπέσχετο
289 665 435 752 πέμψειν
457 677 527 743 τοῖς
548 662 777 752 Σπαρτιάταις
792 670 1036 755 παιδευθησομι

101 796 183 848 κους
207 766 270 856 τὴν
288 765 522 854 Λυκούργειον
540 772 724 837 πολιτείαν.
760 773 807 837 Οί
820 768 884 857 μέν
896 777 1036 859 πρεσβει

100 871 155 941 ταλ
173 876 278 940 ταῦτα
291 867 471 959 ἤγγελλον·
494 864 512 938 ό
528 868 566 937 δὲ
579 868 716 957 Πόρρος
729 875 770 962 τῇ
781 870 927 962 Σπάρτῃ
946 892 1036 961 προσι

101 983 216 1063 βαλεν.
244 971 498 1059 Ἐγκαλοόυτων
518 970 556 1040 δέ
570 976 638 1041 τῶν
651 977 895 1060 Σπαρτιατῶν,
916 970 963 1056 ὥς
984 970 1036 1044 ἀλλ

102 1073 274 1165 προειπών
297 1073 382 1144 ἀλλα
404 1072 559 1162 πράττει,
587 1070 731 1161 γελάσας
750 1082 834 1164 ἐφη,
858 1071 1036 1164 “omrai

101 1175 196 1267 ὑμεῖς
207 1175 351 1246 είόθατε
365 1179 543 1263 προλέγειν
556 1179 734 1264 μέλλοντες
744 1187 925 1268 πολεμεῖν·
938 1178 986 1270 μὴ
997 1188 1036 1248 τοί

100 1308 166 1350 νυν
186 1276 420 1367 ἀγανακτεῖτε,
448 1284 480 1347 εί
498 1276 582 1367 πρὸς
597 1277 676 1360 τούς
687 1279 850 1362 Λάκωνας
870 1279 1036 1372 έχρησάμιγ

101 1386 287 1475 Λακωνικῷ
303 1377 579 1469 στρατηγήματι.”

66 1501 84 1554 3
178 1484 313 1573 Πύρρος
338 1482 564 1571 συνεβούλευε
592 1480 657 1572 πρὸ
680 1490 741 1554 τοῦ
760 1487 911 1574 πολέμου
932 1492 1036 1558 πείθει

100 1585 179 1668 τούς
197 1593 376 1675 πολεμίους
392 1585 506 1680 φόβῳ,
521 1589 714 1677 πλεονεξίᾳ,
729 1576 853 1678 ἡδονῇ,
877 1600 996 1686 οῖκτφ,
1006 1594 1036 1658 λι·

100 1698 185 1786 καίρι
194 1742 204 1778 ,
218 1696 366 1782 νομίμῳ,
385 1691 610 1777 συμφέροντι,
626 1695 771 1784 δυνατῷ.

411 1934 438 1989 7.
457 1934 749 1989 ΑΠΟΛΛΟΔΩΡΟΣ.

68 2124 81 2173 1
170 2090 454 2180 ’ίπολλόδωροςό
473 2093 717 2182 Κασσανδρεός
738 2100 837 2183 δίκην
855 2096 995 2186 φεύγων
1015 2092 1036 2167 ό

102 2197 333 2286 ἐπιτιθέμενος
347 2201 539 2286 τυραννίδι,
551 2194 731 2284 προελθών
739 2195 778 2267 ἐν
784 2207 929 2290 μελαίνῃ
936 2197 1036 2291 ἐσθῆτι

100 2300 163 2391 τὴν
189 2315 334 2389 γυναῖκα
361 2302 419 2368 καὶ
449 2296 508 2380 τάς
534 2303 725 2390 θυγατέρας
744 2297 782 2370 ἓν
802 2297 907 2398 όμοίφ
926 2303 1036 2395 σχήμω

101 2400 320 2494 προαγαγάν,
337 2406 504 2491 ίκετηρίας
520 2409 708 2491 προτείνων
720 2399 826 2474 αὑτὸν
839 2400 873 2486 ἐς
886 2411 999 2477 πᾶσαν
1010 2432 1036 2475 τι

101 2514 231 2598 μωρίαν
252 2504 392 2589 ἐξέδωκε
411 2519 481 2586 τοῖς
500 2511 689 2592 δικασταῖς,
710 2513 744 2576 ολ
756 2505 928 2591 παθόντες
941 2506 1036 2599 όφεσι

101 2608 192 2704 αὐτῷ
205 2615 265 2679 τοῦ
282 2608 484 2698 ἐγκλήματος
498 2611 716 2696 ἐψηφίσαντο.
740 2607 1036 2697 ἈφεθελςἈπολλό

102 2718 209 2800 δωρος
223 2709 285 2780 οὐκ
293 2715 327 2791 ἐς
339 2709 471 2798 μακράν
487 2709 549 2800 τὴν
562 2718 749 2800 τυραννίδα
763 2714 913 2802 κατέσχε,
928 2718 986 2786 καλ
998 2713 1036 2807 μό

101 2824 197 2884 λιστα
213 2812 255 2902 δὴ
268 2813 346 2894 τοός
366 2811 511 2902 ἀφέντας
525 2811 682 2894 δικαστάς
712 2812 809 2904 ἀμάς
829 2817 987 2906 ἐκόλασε,
1006 2817 1036 2906 τι]

100 2923 270 3007 σωτηρίαν
284 2912 465 3006 ἀναφέρων
483 2921 530 2995 είς
543 2913 605 3005 τὴν
623 2917 745 2989 ἑαυτοῦ
766 2928 991 3011 στρατηγίαν,
1004 2919 1036 2995 σι’·

103 3028 151 3102 εἰς
168 3019 230 3111 τὴν
245 3021 387 3089 ἐκείνων
401 3024 675 3107 φιλανθρωπίαν.

67 3150 84 3201 2
176 3120 424 3212 Ἀπολλόδωρος
434 3121 691 3212 πολιτευόμενος
704 3121 795 3214 παρά
805 3131 1036 3218 Κασσανδρεόι

101 3224 211 3296 πάντα
224 3233 319 3314 ἔλεγε
333 3228 389 3295 καλ
404 3231 582 3314 ἔπραττεν,
596 3222 658 3311 ἀφ’
677 3216 726 3296 ὧν
740 3231 854 3311 ἔδοξεν
868 3226 959 3299 εἶναι
972 3254 1036 3320 μισι

100 3328 275 3417 τύραννος.
299 3331 367 3398 Καὶ
383 3326 447 3416 γάρ
457 3326 542 3397 κατά
555 3327 730 3417 Λαχάρους
741 3335 803 3399 τοῦ
814 3325 991 3422 τυράννου
1004 3348 1036 3417 γι

101 3451 210 3520 φισμα
232 3437 396 3521 ἔγραψεν,
419 3428 591 3518 ἀγώγιμον
618 3434 655 3501 ἐκ
681 3437 739 3522 τῆς
766 3432 877 3524 χώρας
902 3434 994 3506 abnuo
1012 3462 1036 3505 τι

99 3536 350 3622 Κασσανδρέων
375 3535 431 3605 καλ
447 3531 618 3622 Ἀντίοχον
637 3533 698 3604 τόν
712 3539 851 3622 βασιλέα
865 3544 971 3626 φίλον
991 3565 1036 3611 πο
