2318 3892
407 187 608 271 οειοοα.Ι
916 192 977 255 εοε

41 355 171 447 λήθους
190 354 319 426 ίππέων
332 360 508 446 ἐνεποίησε
526 371 595 440 τοῖς
609 364 798 450 πολεμίοις’,
817 359 901 434 ῶστε
913 391 976 435 πο-

41 465 170 550 αχρήμα
184 460 394 548 φοβηθέντες
408 468 565 549 ἔφευγον.

91 571 226 652 Καῖσαρ
245 559 407 653 ἀνεχῶρει
427 563 509 651 μετὰ
528 569 585 654 τῆς
605 570 761 655 στρατιάς
783 564 840 636 διά
860 575 978 660 στενῆς
996 587 1029 640 13

41 669 109 735 δοῦ.
141 663 237 734 Kato}
256 664 294 735 τὸ
312 665 409 735 λαιδν
435 671 509 746 ἕλος
521 658 589 755 ’ήν·,
616 666 701 738 κατά
720 667 758 737 τό
780 668 891 752 δεξιόν
909 673 978 742 θά-

41 787 139 854 ασσα,
159 765 245 836 κατά
267 766 329 856 τήν
348 766 513 857 οὐραγίαν
531 775 566 839 οί
582 773 733 858 πολέμιοι
749 776 975 861 προσέκειντο.
1040 818 1046 831 1

41 869 168 953 δύτρυς
180 869 245 958 μὲν
267 869 309 959 δή
332 869 516 941 ἀνέκοπτεν
533 875 729 962 ἐπιδρομαῖς
742 877 798 944 καὶ
812 873 975 967 ἀναστρο·
1060 942 1091 970 ,,

41 986 114 1053 αῖς·
137 975 174 1041 ἐκ
193 972 231 1042 δέ
251 973 423 1063 θαλάσσης
445 973 481 1044 τδ
493 983 674 1064 Πομπηίου
690 976 975 1070 ναυτικόνπαρα-

41 1077 118 1147 λέον
144 1074 276 1157 ἐτόξευε
294 1078 350 1145 καὶ
369 1093 438 1158 τοῖς
452 1080 564 1165 βέλεσι
575 1085 850 1169 κατετίτρωσκεν.
881 1078 916 1151 Ὁ
939 1084 977 1153 δέ

41 1186 148 1266 ἷαῖσαρ
162 1179 317 1248 ἐκέλευσε
334 1196 408 1261 τοῖς,
425 1180 641 1270 στρατιώταις
656 1180 733 1264 τούς
747 1182 895 1273 θυρεούς
911 1183 977 1255 ἀπὸ

41 1287 72 1371 ᾗς
85 1277 264 1369 εὐωνύμου
283 1279 392 1369 χειρός
413 1278 446 1362 ές
463 1282 525 1373 τήν
539 1282 652 1366 δεξιάν
665 1295 876 1373 μεταλαβεῖν.
906 1285 991 1356 01⁰5·v

41 1384 78 1465 οξ
94 1379 230 1470 ἐγένετο
250 1381 365 1473 ἀχρεῖα
392 1383 432 1453 τά
452 1389 534 1475 βέλη
553 1403 622 1468 τοῖς
642 1386 837 1470 τοξεύουσιν
861 1388 897 1458 ἐκ
920 1395 977 1478 τής

41 1485 192 1574 αλάττης.

87 1595 222 1675 Καῖσαρ
240 1589 297 1657 καὶ
317 1590 491 1679 Πομπήϊος
512 1586 550 1658 έν
569 1595 736 1680 Θεσσαλίη
764 1586 781 1659 ὁ
807 1590 869 1678 μέν
890 1589 976 1680 έφυ-
994 1610 1027 1662 14

41 1690 168 1781 νμάχει,
193 1687 368 1780 ἀφθονίαν
390 1698 476 1778 ἔχων
495 1689 712 1779 ἐπιτηδείων,
726 1692 917 1781 Πομπήῖος·
932 1691 974 1777 [ὁ]

41 1795 52 1864 ἑ
67 1795 214 1863 ἔσπευδε
226 1793 313 1884 μάχη
327 1800 488 1882 κριθῆναι
503 1801 669 1881 [Καῖσαρλ
683 1799 816 1883 Καῖσαρ
832 1791 974 1884 ἐρεθίζω

41 1894 88 1978 ῶς
101 1905 297 1984 πολεμίους,
318 1893 561 1983 ἀναζευγνύειν
581 1897 792 1985 σκηψάμενος
811 1893 865 1966 ἐπὶ
883 1921 972 1968 σιτο-

41 2006 146 2088 νγίαν,
162 2000 218 2068 καὶ
233 2005 374 2069 διεκίνει
392 1998 470 2080 τούς
487 1997 616 2087 λόχους.
646 2004 691 2068 oc
703 1999 740 2067 δέ
758 2005 817 2068 τού
830 2010 972 2091 Πομπη-

41 2130 82 2188 υ,
103 2097 147 2181 ῶς
161 2097 227 2171 ύπδ
242 2103 340 2183 δέους
359 2101 563 2190 φευγόντων.
576 2100 909 2191 καταφρονήσαντες,
933 2102 974 2173 ού

41 2205 172 2292 ιτέσχον
185 2200 327 2290 αύτούς,
340 2201 426 2274 ἀλλά
440 2209 641 2295 παραχρῆμα
654 2205 881 2291 ἐξεπήδησαν,
897 2214 972 2293 βια-

41 2306 150 2395 ίμενοι
164 2304 223 2377 τδυ
236 2306 414 2395 Πομπήῖον
431 2305 598 2397 ἡγεῖσθαι.
633 2304 721 2376 Ἐπεὶ
736 2307 774 2376 δὲ
787 2303 973 2396 ἀναχωρῶν

41 2417 173 2498 Καῖσαρ
195 2412 230 2490 ἐς
248 2407 285 2478 τὸ
302 2416 421 2479 πεδίον
435 2407 557 2489 αύτούς
571 2408 756 2499 προήγαγε,
771 2411 827 2478 καὶ
842 2408 884 2498 δή
899 2410 973 2480 τότε

41 2513 235 2600 ιαστρέυας,
250 2518 409 2602 λαμπρῶς
423 2511 674 2600 ἀγωνισάμενος
688 2517 853 2600 ἐνίκησεν.

85 2622 220 2705 Καῖσαρ
237 2621 306 2686 τῶν
326 2621 539 2705 στρατιωτῶν
565 2614 817 2683 στασιασάντων
839 2614 895 2682 καὶ
915 2621 972 2705 τῆς
989 2638 1022 2688 15

41 2723 185 2808 ερατείας
209 2717 471 2806 καταβοώντων,
505 2715 700 2810 προελθῶνΙ
719 2720 752 2797 ἐς
777 2713 815 2786 τδ
841 2723 972 2804 πλῆθος

41 2817 176 2909 δθαρσεῖ
196 2820 253 2888 καὶ
272 2825 407 2912 φαιδρῷ
419 2825 466 2913 τῷ
480 2818 664 2912 προσῶπφ,
681 2814 699 2841 “
708 2826 765 2905 Τί,
785 2812 968 2907 ῶσυστρα-

41 2918 165 3008 ῶται”,
199 2929 283 3010 ἔφη,
311 2919 545 3012 “βούλεσθε;”
601 2926 647 2990 Οί
678 2921 716 2991 δέ
751 2921 969 3009 κατεβόησαν,

41 3030 96 3114 Γῆς
117 3027 291 3115 στρατείας
305 3023 515 3114 ἀφεθήναι.”
545 3020 580 3093 ‘0
604 3025 640 3094 δὲ
658 3020 841 3113 ύπολαβῶν
862 3023 969 3110 εἶπεν,

41 3131 159 3217 Αγαθῇ
184 3127 284 3217 τύχη,
316 3133 488 3218 παραινῶ,
516 3136 649 3196 πολῖται
674 3124 719 3215 μή
746 3125 967 3215 στασιάζειυ.”

41 3230 123 3310 [δὲ
157 3239 290 3300 πολῖται
314 3228 519 3310 ἀκούσαντες
553 3227 629 3298 ἀντὶ
662 3234 723 3297 τοῦ
758 3235 968 3318 στρατιῶται,

41 3333 242 3421 ιανάκτησαν
255 3335 312 3402 καὶ
325 3338 524 3422 παραχρῆμα
543 3329 602 3411 τάς
619 3329 753 3418 γνῶμας
766 3331 967 3419 μετεβάλον-

41 3475 59 3522 ν,
78 3437 138 3507 καλ
151 3433 255 3504 πάλιν
268 3435 490 3524 κατεβόησαν,
510 3431 622 3503 “Ἀλλ’
648 3431 739 3521 ἡμεῖς
763 3462 802 3520 γε
822 3454 965 3523 συστρα-
1088 3481 1091 3493 -

41 3542 121 3609 ῶται
149 3533 333 3629 μᾶλλονή
365 3547 498 3609 πολῖται
530 3546 709 3607 καλεῖσθαι
736 3535 965 3625 βουλόμεθα.”
