2318 3892
157 160 216 218 114
557 159 742 220 ΒΙΒΛΙΟΝ
1131 35 1140 257 ¹

95 357 136 414 '15
239 328 400 420 Τιμόθεος
409 328 596 418 ἐπολιόρκει
611 329 780 420 Τορώνην.
803 323 1108 422 ΟίμδνῘΤορωναῑοι

154 433 281 523 μεγάλα
296 431 366 523 όφη
379 431 646 522 ἀπανέστησαν,
660 439 801 523 φορμών
813 434 953 525 ψάμμου
966 446 1107 527 πληρου·
1125 500 1127 507 .
1149 485 1153 523 4

131 542 276 629 μένων.
309 534 344 607 Ὁ
367 536 404 606 δὲ
424 536 587 625 Τιμόθεος
606 536 817 628 μηχανήμασι
837 543 1058 628 μακροτέροις
1082 543 1107 622 ἐξ
1147 565 1153 627 η

153 645 247 711 ἱστοῦ
264 638 382 722 ἀκίδας
395 642 548 730 περιθεὶς
566 641 623 710 καὶ
642 642 792 731 δρέπανα
812 643 867 711 ἐπὶ
885 639 926 711 τά
944 640 1035 731 ἀκρα
1056 647 1107 712 τώ
1147 677 1153 730 η

154 749 249 815 ίστοό
263 741 433 833 ἐμβαλών,
453 759 525 824 ταῖς
545 740 636 813 ἀκίσι
652 743 871 835 διερρηγνυε,
892 761 963 828 τοῖς
977 746 1016 817 δδ
1038 751 1120 836 δρε·ῦ
1134 788 1153 851 ¹2

154 848 271 929 πόνοις
285 844 444 935 ἀνέτεμνε
458 845 536 927 τούς
551 844 717 936 φορμοάς,
731 845 816 918 ώστε
830 851 904 938 ῥεῖν
916 847 981 939 την
994 847 1106 940 ἀμμον.
1144 895 1153 935 ρ

160 957 264 1022 Τοῦτο
279 949 454 1039 δρώμενον
473 950 602 1030 ίδόντες
620 959 805 1040 Τορωναλοι
825 949 909 1044 πρὸς
931 949 1106 1042 ὁμολογίαν

157 1053 351 1144 ἐτράποντο.
1098 1051 1103 1064 ’

107 1176 138 1228 16
232 1155 394 1245 Τιμόθεος
411 1154 493 1243 μετά
507 1159 731 1243 Κερκυραίων
751 1155 807 1223 καί
820 1159 889 1224 τών
901 1154 1018 1226 ἀλλων
1032 1177 1105 1246 συμ·
1147 1208 1153 1243 4

154 1256 270 1347 μάηοιν
292 1256 375 1348 πρὸς
393 1263 679 1347 Λακεδαιμονίους
697 1263 880 1346 ναυμαχεῖν
887 1308 898 1344 ,
917 1258 976 1341 τάς
997 1257 1108 1349 ἀριστα
1148 1308 1153 1345 ,

154 1361 321 1442 πλεούσας
339 1367 407 1430 τών
425 1361 514 1432 νεών
534 1363 710 1450 προέταξε,
731 1360 981 1447 κελεύσας.[τάς
1003 1361 1108 1444 ἄλλοις]
1148 1413 1153 1449 ,

154 1470 192 1536 ἐν
206 1470 252 1558 τῷ
266 1464 405 1553 σχήματι
424 1471 482 1552 της
502 1463 714 1554 παρατάξεως
732 1460 875 1554 ἡσυχίαν
895 1471 999 1553 ἔχειν.
1027 1463 1109 1536 Ἐπεί

155 1568 192 1639 δὲ
206 1572 239 1638 οί
251 1569 510 1656 προτεταγμένοι
524 1567 810 1656 διεναυμάχησαν,
825 1568 880 1636 ἐπὶ
893 1567 980 1639 πολά
991 1597 1108 1660 κεκμη-

153 1671 263 1744 κότων
282 1668 349 1761 ἤδη
368 1676 436 1741 τών
455 1677 641 1759 πολεμίων,
660 1685 800 1759 σημεῖον
819 1662 881 1760 ἦρε
898 1687 967 1754 τοις
988 1669 1109 1763 ἡσυχά-

153 1784 284 1860 ζουσιν·
310 1779 344 1845 οί
369 1775 407 1845 δὲ
434 1773 577 1864 ἀκμῆτες
606 1774 806 1864 ἐμβαλόντες
830 1775 1015 1864 ἐτρέψαντο
1038 1774 1110 1856 τοάς

153 1876 369 1967 κεκμηκότας.

104 2001 135 2054 17
235 1980 397 2069 Τιμόθεος
414 1979 491 2066 περὶ
511 1977 670 2048 Λενκάδα
686 1983 963 2069 Λακεδαιμονίοις
983 2007 1109 2070 ναυμα-

153 2083 255 2172 χήσας
273 2086 417 2172 ἐνίκησε.
449 2087 593 2151 Πολλών
611 2086 861 2173 συντριβέντων
874 2087 1036 2172 σκαφών,
1056 2110 1111 2155 πε·
1152 2155 1153 2170 η

154 2191 275 2275 ρἰησαυ
302 2189 383 2256 δέκα
409 2190 487 2273 νῆες
511 2189 579 2254 τών
606 2193 776 2274 πολεμίων
805 2183 1053 2276 ἀναυμάχητοι,
1078 2182 1112 2268 ἀς
1149 2237 1153 2276 ,

154 2293 327 2359 ἐδεδοίκει.
347 2288 509 2378 Τιμόθεος
518 2285 666 2358 ἐπανιών
674 2291 730 2358 έπδ
741 2287 801 2358 τὸν
814 2288 1047 2379 ναύσταθμον,
1060 2289 1111 2359 καί
1149 2277 1153 2335 3

155 2391 196 2481 δη
206 2391 243 2461 τό
258 2396 421 2462 ναυτικὸν
435 2396 549 2474 ἔταξεν
559 2394 596 2461 ἐν
604 2399 779 2481 μηνοειδεῖ
788 2392 939 2482 σχήματι,
946 2391 1032 2480 πρὸς
1039 2390 1112 2472 τυάς
1136 2440 1153 2482 »η

154 2501 351 2583 πολεμίους,
365 2494 402 2564 τό
414 2493 558 2583 κυρτόν,
574 2493 666 2577 ἐντός
683 2495 723 2565 τά
736 2495 882 2584 ναυάγια
901 2496 1111 2584 συναγαγών·
1146 2549 1149 2559 .

153 2597 213 2667 τόν
228 2599 264 2668 δὲ
278 2597 453 2669 ἀπόπλουν
469 2601 611 2668 ἐποιεῖτο
627 2597 781 2688 πρόςτην
801 2605 882 2689 γῆν,
903 2599 1070 2681 κελεύσας
1081 2601 1110 2669 έ·
1145 2647 1153 2688 η

155 2699 293 2770 λαόυειν
307 2704 362 2770 ἐπὶ
376 2701 545 2788 πρύμναν,
559 2697 650 2782 όπως
663 2699 868 2790 ἀντίπρωροι
881 2701 939 2782 τάς
956 2708 1111 2792 πολεμίας
1146 2755 1153 2792 ,

155 2805 236 2874 δέκα
244 2809 327 2883 ναῦς
340 2806 465 2894 ῥᾳδίως
479 2801 670 2890 ἀμόνοιντο.
698 2811 802 2874 Τοῦτο
816 2804 853 2876 τό
866 2810 976 2895 σχῆμα
990 2804 1110 2895 τῆςτό-

155 2910 235 2989 ξεως
249 2912 284 2976 oc
296 2903 361 2976 ἀπό
373 2911 442 2974 τών
456 2910 537 2975 δέκα
546 2911 634 2976 νεών
645 2909 852 2996 φοβηθέντες
864 2905 928 2978 οόκ
941 2910 1109 2979 ἐπέθεντο.
1149 2932 1153 2996 ,’

523 3085 555 3140 ll.
572 3088 740 3144 ΧᾹΒΡΙΑΣ.

122 3235 132 3284 l
231 3220 380 3302 Χαβρίας
401 3228 469 3293 τοῖς
490 3213 705 3301 στρατιώταις
718 3213 962 3304 παρήγγειλεν,
979 3210 1109 3285 ’Ἔπει-

153 3314 216 3386 δάυ
229 3318 403 3404 μέλλωμεν
416 3316 600 3404 μάχεσθαι,
620 3316 666 3405 μή
678 3344 729 3386 τοι
743 3325 928 3406 νομίζωμεν
943 3313 989 3399 ώς
1010 3329 1108 3388 πολε·

152 3427 238 3504 μίοις
250 3418 495 3506 συμβαλόντες,
519 3416 605 3489 ἀλλά
624 3417 819 3508 ἀνθρώποις
831 3416 913 3509 αίμα
926 3421 984 3491 καί
1006 3421 1111 3510 σάρκα
1123 3444 1140 3486 υ

152 3527 280 3609 ἔχουσι,
301 3522 358 3592 καὶ
379 3527 436 3610 τῆς
455 3521 558 3612 αὐτῆς
571 3521 705 3611 φύσεως
719 3520 801 3613 ἡμῖν
813 3520 1110 3615 κεκοινωνηκόσι.”
