2318 3892
103 186 161 249 190
489 184 670 245 BIBAION
1062 39 1068 241 Ι

100 364 296 447 γνωρίζοιεν
331 353 397 425 ἀπὸ
430 359 490 425 τοῦ
516 352 627 442 φωτός
654 361 690 427 οί
712 350 865 446 πολέμιοι
899 354 960 428 τὸν
987 358 1045 426 ἐπί·
1073 351 1079 418 Ἰ

101 469 220 533 πλονν.
641 486 647 495 ·
1074 512 1079 522 ,

66 591 84 643 3
99 638 103 647 ,
173 561 326 651 Ἰμίλκων
339 562 377 630 έν
391 558 502 648 Λιβύη
517 566 720 646 καταλαβεῖν
734 559 940 645 ἐσπούδαζεν
951 559 1047 643 πόλιν,
1074 557 1078 576 ’

100 664 154 756 ἐφ’
171 663 214 754 ἣν
228 658 313 755 ἦσαν
322 660 394 733 ὁδοί
406 662 468 731 δύο
481 662 653 751 δύσπορον.
680 662 809 743 Ταύτας
821 669 857 733 oc
866 665 930 752 μὲν
938 671 1048 752 Λίβυες
1073 691 1079 729 ι

100 768 297 859 ἐφύλαττον.
321 763 356 835 ‘0
371 767 409 834 δέ
418 762 571 853 Ἰμίλκων
585 771 712 854 έπεμψε
726 763 810 853 πρὸς
822 764 947 847 αύτούς
960 764 1046 836 αάτό-
1074 764 1079 833 ἑ

100 881 204 962 μολον
219 871 400 959 φράσοντα,
412 864 550 956 “Ἡμδν
559 871 652 957 ἑτέρα
662 874 730 939 των
744 865 834 941 ὁδῶν
848 866 1048 958 έγχωσθήσε-
1074 898 1079 935 2

100 1004 173 1060 ται,
191 969 281 1053 ὅπως
303 970 443 1060 εὔπορος
457 974 605 1058 γένοιτο,
626 968 646 1059 ή
661 973 757 1060 ἑτέρα
773 972 809 1041 δὲ
823 968 1049 1061 ἀποσκαφήσε-
1077 984 1079 1019 ³

100 1107 170 1162 ται,
191 1072 280 1156 ὅπως
293 1074 337 1164 μή
360 1071 416 1143 διά
437 1073 559 1162 ταύτης
575 1071 781 1162 ὁρμήσαντες
796 1069 1049 1145 κυκλύσονται.”
1076 1108 1079 1115 ·

99 1182 167 1251 Καὶ
182 1177 225 1266 δή
238 1184 342 1248 ταῦτα
356 1175 538 1264 γιγνόμενα
551 1173 695 1264 δρῶντες
708 1183 742 1247 οί
753 1180 923 1267 πολέμιοι,
943 1175 1052 1248 πιστόν

100 1281 280 1372 ἡγούμενοι
295 1277 353 1350 τόν
367 1275 553 1367 αάτόμολον
568 1277 727 1369 ὥρμησαν
743 1277 797 1350 ἐπὶ
811 1280 872 1370 τήν
887 1284 1050 1369 έγχωννυ-

101 1387 206 1474 μένην
227 1380 328 1469 όδὸν,
352 1377 396 1461 ἀς
410 1378 629 1470 ἀνείρξοντες.
660 1379 696 1452 Ὁ
718 1382 773 1468 δέ,
795 1384 931 1472 νύκτωρ
952 1384 1055 1467 ξύλοις

101 1488 491 1576 προπαρεσκευασμένοις
503 1483 565 1573 τήν
579 1482 835 1574 ἀνεσκαμμένην
850 1483 932 1556 ὁδόν
953 1514 1054 1576 γεφυ-

102 1591 226 1681 ρόσας,
250 1587 306 1658 διά
325 1588 446 1676 ταύτης
460 1584 596 1675 ἀγαγών
615 1586 652 1656 τό
671 1589 898 1677 στρατόπεδον
918 1584 990 1660 εἷλε
1002 1584 1056 1679 τήν

69 1720 74 1729 ·
101 1695 219 1778 πόλιν,
239 1698 307 1762 τῶν
321 1698 492 1778 πολεμίων
507 1689 569 1779 τήν
584 1692 700 1778 ἑτέραν
715 1688 798 1761 ὁδὸν
811 1693 1056 1781 φυλαττόντων.

66 1805 83 1856 4
174 1795 328 1883 Ἰμίλκων
338 1792 578 1881 ἐνἈκράγαντι
586 1800 936 1884 πλησίοντούτείχους
944 1796 1079 1883 ἐσται-1

100 1905 293 1971 τοπὲδενεν.
334 1903 494 1986 Προήλθε
509 1902 566 1986 τῆς
583 1897 711 1978 πόλεως
724 1897 862 1987 στρατιά
879 1898 998 1988 πολλή.
1026 1894 1056 1966 ‘0

102 2004 139 2074 δὲ
153 1999 274 2073 διελών
284 1997 321 2068 τό
336 1998 562 2085 στρατόπεδον
572 2001 622 2068 ἑνί
636 2002 730 2089 μέρει
738 2003 916 2090 συνέβαλε,
931 2000 1056 2089 παράγ·

100 2115 206 2194 γελμα
221 2100 300 2182 δούς
314 2099 519 2189 ἀπόρρητον,
535 2105 568 2180 ἐς
581 2101 696 2191 φυγήν
710 2103 846 2184 ἑκόντας
862 2108 1055 2192 τραπέσθαι.

103 2216 148 2278 Οί
164 2207 226 2298 μὲν
248 2206 289 2294 δή
311 2212 473 2292 ἔφευγον·
501 2210 535 2272 οί
560 2200 591 2273 δ’
610 2202 864 2293 Ἀκραγαντῖνοι
884 2207 1058 2285 διώκοντες

101 2309 188 2381 πολύ
201 2315 258 2397 της
273 2307 399 2386 πόλεως
408 2305 617 2377 ἀπεσπῶντο.
640 2306 810 2396 Ἰμίλκων,
825 2310 980 2398 πρόσθεν
993 2314 1056 2379 τόν

99 2418 220 2505 τειχῶν
238 2409 325 2499 ύλην
339 2409 525 2499 ἐμπρήσας,
547 2407 625 2490 τούς
637 2407 844 2493 ὑπολοίπους
859 2419 907 2492 είς
920 2415 1056 2502 ἐνέδραν

100 2514 214 2604 ἀφανη
229 2515 440 2602 κατέστησεν.
479 2516 524 2581 Οί
536 2513 730 2600 διώκοντες,
748 2513 808 2586 τὸν
821 2514 954 2586 καπνόν
967 2514 1054 2604 αίρό·

99 2645 204 2706 μενον
227 2615 356 2696 ίδόντες
385 2613 451 2685 ἀπό
472 2621 541 2684 τῶν
559 2622 704 2704 τειχῶν,
726 2614 887 2711 ᾠήθησαν
905 2615 973 2689 ὑπὸ
994 2622 1054 2688 τόν

100 2717 271 2808 πολεμίων
289 2715 515 2804 ἀνακάεσθαι,
544 2720 600 2787 καὶ
618 2720 884 2808 μεταβαλόμενοι
903 2719 1054 2811 πρδςτήν

100 2822 198 2894 πόλιν
212 2817 436 2908 ἀνέστρεφον,
451 2823 672 2908 ἐπικειμένων
686 2819 799 2903 αὐτοῖς
813 2827 882 2893 τοῖν
896 2822 1053 2913 πρότερον

100 2923 291 3015 φυγόντων.
324 2918 382 3000 Ὡς
409 2923 448 2991 δὲ
466 2922 549 2991 κατά
572 2920 634 3012 τήν
659 2927 802 3014 ἐνέδραν
826 2928 1002 3012 ἐγένοντό,
1028 2927 1055 2994 οί

100 3026 182 3118 μετά
196 3023 386 3114 Ἰμίλκωυος
413 3022 651 3106 ἐξαναστάντες
670 3025 750 3108 τούς
768 3027 831 3117 μὲν
851 3025 968 3099 αὐτῶν
990 3030 1053 3099 διέ-

101 3143 270 3221 φθειραν,
283 3125 361 3207 τούς
375 3126 413 3195 δέ
429 3125 631 3214 ἐζώγρησαν.

67 3257 83 3307 5
173 3230 326 3320 Ἰμίλκων
344 3230 421 3315 περὶ
440 3226 477 3298 τὸ
491 3229 639 3316 Κρόνιον
652 3227 979 3318 ἀντεστρατοπέδευε
994 3247 1057 3312 τοῖς

100 3343 160 3406 τοῦ
173 3342 360 3405 Διονυσίου
374 3347 580 3421 στρατηγοῖς.
620 3337 695 3401 Των
709 3333 748 3402 δδ
760 3333 909 3423 Κρόνιον
926 3335 1056 3406 οίκούν·
1071 3368 1079 3407 ι

100 3437 407 3526 τωνβουλομένων
434 3437 594 3518 δέξασθαι
619 3432 698 3515 τούς
723 3443 995 3526 Καρχηδονίους,
1021 3434 1059 3508 οά

100 3540 167 3630 μήν
193 3544 262 3609 τῶν
287 3544 483 3627 στρατηγόν
517 3537 781 3625 ἐπιτρεπόντων,
812 3544 911 3610 τοῦτο
941 3539 1063 3629 μαθων
