2318 3892
433 189 620 252 ΠΡΩΤΟΝ.
963 191 1003 254 33

10 387 116 432 cavo
128 361 167 430 τό
182 367 342 447 εἴδωλον,
357 356 377 430 δ
391 365 518 444 ἔδειξεν
538 363 594 432 ἐπὶ
613 367 792 454 δοκιμασίᾳ
811 366 923 450 φίλων
942 390 1001 433 πε-

10 467 230 553 ποιημένον.
271 461 401 534 Πιστὸν
426 471 527 552 φίλον
546 459 676 554 ήγείται
698 471 868 554 Καλλίαν,
889 469 944 537 καὶ
962 467 1003 536 τά

10 568 148 638 πάντα
163 559 205 655 ήν
216 565 411 656 Ἀλκιβιάδῃ
425 573 583 646 Καλλίας.
652 632 659 641 ,

111 668 326 757 Ἀλκιβιάδης
355 669 587 757 προσπλεύσας
614 673 758 760 πολεμίᾳ
784 669 897 756 πόλει,
924 667 1036 749 τούςτ

10 772 243 862 Ξτρατιιότας
263 769 470 859 ἀποβιβάσας
489 771 621 859 νύκτωρ
643 775 699 841 καί
719 768 847 860 ἡμέραν
862 770 999 859 άναμεί-

10 902 118 958 νας,
139 880 209 942 τῶν
229 880 399 972 πολεμίων
418 871 480 944 οὐκ
500 874 671 959 ἐξιόντων,
700 877 841 960 ἐνέδραν
861 879 1000 962 ἐγκατα-

10 977 184 1065 στήσας,
205 974 263 1056 τάς
275 975 399 1065 σκηνάς
412 977 581 1067 ἐμπρήσας
601 975 742 1065 άνήχθη.
780 981 825 1045 Οί
835 977 872 1045 δὲ
893 981 930 1046 ἐκ
944 984 1003 1066 τής

10 1075 368 1167 πόλεωςάνηγμένον
382 1080 528 1166 ίδόντες,
542 1079 793 1168 θαρρήσαντες,
809 1081 1003 1162 ἐξελθόντες

10 1181 285 1269 ἐσκεδάνννντο
306 1178 371 1251 άνά
387 1181 450 1272 τήν
468 1181 591 1272 χάραν.
612 1187 674 1250 ’οί
691 1188 854 1269 λοχῶντες
877 1186 1001 1253 ἐπανα-

10 1283 178 1364 στάντες
196 1281 288 1354 εἷλον
308 1281 370 1353 οὐκ
385 1283 481 1373 ὀλίγα
497 1285 633 1373 σώματα
648 1287 704 1353 καὶ
719 1291 813 1353 λείαν
828 1283 1000 1372 ἄφθονον·

10 1385 249 1475 ’.Αλκιβιάδης
272 1386 374 1457 πάλιν
388 1389 639 1478 προσπλεύσας,
654 1390 710 1456 καί
725 1385 905 1475 ἀναλαβών
917 1385 1003 1457 αύτά

10 1490 75 1560 τά
86 1491 264 1578 ληφθέντα
276 1492 334 1559 καί
346 1489 424 1571 τούς
438 1491 603 1580 λαβόντας
615 1486 838 1561 ἀπέπλευσεν.

112 1590 342 1681 Ἁλκιβιάδης,
361 1600 640 1683 Λακεδαιμονίων
659 1592 931 1680 πολιορκούντων
944 1591 1037 1671 τάς3

10 1691 197 1784 ῗΑθήνας,
220 1696 426 1784 βουλόμενος
450 1695 529 1776 τούς
553 1694 706 1783 φύλακας
732 1693 927 1772 τοῦάστεος
948 1685 1014 1761 καὶΙ

32 1805 102 1868 τοῦ
121 1804 289 1887 Πειραιῶς
316 1801 374 1868 καί
399 1805 468 1869 τοῖν
490 1804 621 1869 σκελῶν
647 1803 718 1887 τοῖν
738 1795 814 1886 άχρι
833 1796 1005 1884 θαλάσσης

29 1898 234 1990 άγρύπνονς
253 1903 331 1990 περὶ
351 1900 414 1989 τήν
433 1899 591 1992 φυλακήν
614 1900 875 1985 κατασκευάσαι,
898 1926 1002 1986 προη-

35 2006 221 2092 γόρευσεν,
234 2000 278 2084 ὡς
292 2002 391 2083 αὐτὸς
406 2002 472 2074 άπὸ
486 2011 545 2095 τής
559 2002 773 2094 ἀκροπόλεως
785 2003 919 2093 νύκτωρ
933 2005 1005 2090 τρὶς

35 2105 223 2194 άνασχήσοι
236 2105 295 2176 τὸν
308 2113 500 2197 λαμπτῆρα·
516 2105 553 2189 ὃς
566 2105 601 2178 δ’
616 2103 658 2178 άν
672 2104 938 2196 μήάντανάσχη,
960 2103 1004 2184 ὡς

36 2207 199 2298 φυλακήν
227 2209 374 2280 ἐκλιποδν
397 2210 650 2300 κολασθήσεται.
693 2206 791 2278 Οὕτω
808 2204 863 2298 δή
883 2208 1005 2287 πάντες

37 2311 294 2400 άγρυπνούντες
314 2313 501 2398 ἐφύλαττον
520 2311 713 2401 άφορῶντες
730 2314 764 2390 ἐς
784 2309 846 2398 τήν
859 2307 1003 2397 άκρόπο-

34 2426 113 2501 λιν,
130 2419 188 2493 ἵνα
208 2425 361 2501 αίροντος
374 2419 435 2483 τοῦ
447 2404 636 2503 στρατηγού
648 2411 686 2482 τὸ
707 2417 774 2502 πῦρ
788 2409 929 2502 άντάραι
944 2411 1004 2480 δύ-

34 2542 174 2599 ναιντο,
189 2520 407 2602 σημαίνοντες
422 2513 465 2597 ὡς
480 2514 697 2605 ἐγρηγορότες
711 2514 923 2605 φυλάττοιεν.

114 2616 326 2706 Ἀλκιβιάδης
347 2619 459 2688 πλέων
472 2621 527 2688 ἐπὶ
541 2623 722 2702 Σικελίαν,
739 2614 854 2687 ἐλθών
870 2620 903 2698 ἐς
916 2617 1003 2705 Κέρ-
1024 2633 1040 2685 4

36 2750 167 2810 κνραν,
196 2719 324 2810 πολλήν
349 2713 455 2792 οὖσαν
480 2720 542 2809 τήν
572 2720 720 2810 δύναμιν
746 2726 842 2810 τριχῇ
867 2726 1004 2804 διεῖλεν,

10 2833 98 2896 »ἵνα
122 2829 191 2894 τῶν
220 2828 421 2914 ἐπιτηδείων
446 2830 575 2914 μάλλον
600 2822 777 2912 εύποροίεν
803 2821 887 2893 κατά
908 2825 1007 2912 μέρος

40 2941 115 3006 ταῖς
129 2928 245 2997 πόλεσι
260 2928 534 3017 προσβάλλοντες.
558 2924 648 2998 Ἐπεί
663 2927 700 2997 δέ
714 2928 873 3014 κατέσχεν
888 2930 926 3004 ἐς
935 2935 1005 2994 Κα-

41 3030 167 3118 τάνην,
185 3027 227 3106 οὐ
242 3033 432 3120 δεχομένων
450 3029 554 3101 αύτόν
570 3034 798 3129 ’Κμταναίων,
820 3027 1005 3115 ἐπρεσβεύ-

41 3155 142 3219 σατο,
163 3134 367 3223 βουλόμενος
390 3133 490 3222 μόνος
514 3131 697 3222 παρελθόν
712 3138 821 3202 είπεῖν
839 3127 1007 3210 αὐτοῖςκαὶ

10 3303 17 3317 ,
43 3237 268 3325 συμφέροντα.
296 3242 394 3306 -Τοῑν
422 3236 460 3306 δὲ
487 3238 739 3325 ἐπιτρεψάντων
765 3235 821 3302 καὶ
852 3231 1007 3302 θεόντων

10 3365 28 3406 ιο
45 3343 78 3420 ἐς
92 3341 274 3428 ἐκκλησίαν
288 3341 484 3426 συνέταξεν,
500 3337 574 3410 όσαι
588 3345 656 3410 τῶν
668 3341 788 3426 τειχῶν
801 3328 888 3424 ἦσαν
904 3342 1004 3406 πυλί-

46 3499 273 3510 *a———o-

10 3591 13 3598 *
111 3572 179 3638 Gap.
199 3571 243 3623 40.
280 3570 311 3636 §j
324 3575 349 3627 4.
387 3570 510 3637 Thuoyd.
529 3550 559 3636 δ,
576 3572 610 3623 42
629 3576 656 3623 et
670 3571 712 3622 51.
753 3578 757 3587 ·

91 3675 221 3710 Pomm
241 3674 336 3710 ετελν.
834 3655 852 3713 3
