2318 3892
104 172 163 233 176
490 170 676 230 ειοΛιοα
1080 39 1088 247 δ

101 346 181 416 ὄντα
195 348 253 432 τής
266 339 432 467 ἀδελφῆς,
447 337 531 412 δι’“
509 370 552 431 ην
566 338 708 430 ὕστερον
721 346 778 414 καί
796 343 899 426 λύσας
913 342 1059 427 αύτδνές

100 446 362 534 Πελοπόννησον
379 444 606 533 ἀπεπέμψατο.

68 587 83 635 5
178 549 376 633 Διονύσιος,
414 550 622 635 συνθέμενος
655 547 737 637 πρὸς
764 545 842 629 τούς
868 550 1060 631 ἐνδιδόντας

102 653 233 741 Νάξον,
255 650 354 732 αύτδς
374 650 470 739 μέν’
456 652 517 734 οψὲ
540 656 598 739 τής
619 649 707 740 ὥρας
725 658 899 740 προσῆλθε
913 668 985 734 τοῖς
999 660 1059 723 τεί·
1085 664 1087 671 ’

100 781 210 847 χεσιν,
239 759 502 842 ἑπτακισχιλίους
520 752 723 841 στρατιώτας
746 762 848 842 ἔχων·
876 761 913 825 οί
930 757 970 827 δὲ
985 756 1056 827 M-
1091 746 1093 781 ³

102 867 181 946 ξιοι,
202 864 266 947 τής
287 864 466 947 προδοσίας
486 858 703 945 αἰσθόμενοι,
728 855 887 947 (ὅρμησαν
915 862 973 929 ἐπὶ
991 859 1060 939 τούς
1084 874 1086 881 ’

103 963 263 1051 πύργους.
303 967 348 1029 Oi
365 962 401 1029 δέ
422 961 640 1047 προδιδόντες
660 958 725 1030 ἀπὸ
745 967 815 1030 τοῖν
834 961 980 1048 πύργων
994 963 1059 1033 ἑκά·

102 1077 185 1137 λουν
210 1063 269 1133 τὸν
294 1062 479 1132 Διονύσιον
502 1061 584 1151 μετά
605 1069 663 1151 τής
684 1065 860 1152 δυνάμεως
878 1059 1060 1155 άπάσης·δ

103 1171 141 1238 δέ
154 1167 284 1256 ἠπείλει
298 1181 365 1245 τοῖς
380 1168 434 1234 ἐπὶ
449 1171 510 1234 τού
529 1172 678 1252 τείχους,
700 1172 731 1235 εί
744 1166 789 1257 μή
802 1173 993 1256 παραδοῖεν
1009 1167 1060 1258 τήν

104 1271 201 1341 πόλιν
217 1268 366 1355 ἑκόντες,
388 1266 593 1355 ἀποσφάξειν
613 1266 737 1349 αύτούς
752 1266 911 1351 ἅπαντας.
935 1266 1017 1343 Ὑπὸ
1029 1271 1059 1343 δέ

102 1373 164 1463 τήν
191 1371 297 1461 αύτήν
319 1369 428 1458 ὥραν,
456 1378 643 1440 Διονυσίου
669 1372 915 1461 προστάξαντος
940 1380 991 1455 είς
1010 1374 1060 1446 τὸν

102 1478 220 1565 λιμένα
242 1480 310 1544 τῶν
326 1478 463 1556 Ναξίαν
484 1476 640 1543 κατέπλει
660 1476 925 1565 πεντηκόντορος
938 1491 1060 1559 Διονυ·

103 1577 221 1667 σιακή,
254 1575 400 1666 αύλητάς
431 1574 619 1658 αὐλοῦντας
645 1575 775 1666 ἀμουσα
802 1580 860 1648 καὶ
886 1570 1093 1661 κελευστιιςτ

103 1683 318 1766 κελεύοντας,
335 1682 383 1751 ὡν
397 1683 532 1760 ἕκαστος
546 1677 702 1750 ἀνεκάλει
716 1681 835 1809 τριήρη
851 1691 1005 1772 μίανο
975 1684 1061 1755 Οίδὲ

104 1787 240 1871 Νάξιοι,
282 1791 479 1872 νομίσαντες
519 1786 652 1854 ἐπιπλεῖ
640 1800 673 1854 ῑν
708 1786 871 1867 τοσαύτας
907 1787 1063 1875 τριήρεις,

102 1887 203 1969 ὅσους
233 1886 349 1975 έιύροιυ
381 1884 580 1971 κελευστάς,
620 1892 830 1976 φοβηθέντες
863 1893 1064 1977 παρέδωκαν

104 1991 236 2069 ἑκόντες
250 1994 423 2082 Διονυσίῳ
437 1986 498 2076 τήν
513 1987 622 2058 πόλιν.

69 2115 86 2168 6
181 2090 573 2179 Διονύσιος,“Ἰμίλκωνος
584 2092 958 2173 έπιπλεύσαντοςκαὶτδ
966 2095 1065 2184 στόμα

102 2202 163 2266 τού
176 2197 309 2284 λιμένος
327 2200 388 2264 τού
404 2201 590 2264 Μοτυαίοιν
614 2193 885 2285 ἀποφράξαντος,
909 2195 1013 2279 αύτός
1033 2224 1065 2269 τε

103 2298 169 2369 ἀπὸ
189 2305 246 2388 τής
271 2298 410 2386 Μοτύης
430 2295 466 2366 τὸ
490 2295 590 2381 πεζὸν
612 2301 895 2389 ἐστρατοπέδευσε
912 2298 991 2371 κατ’
1009 2299 1063 2373 ἀν·

103 2400 220 2489 τικρύ,
241 2402 298 2470 καὶ
319 2400 524 2490 παρεκάλεσε
544 2399 622 2482 τούς
643 2402 768 2482 ναύτας
789 2404 846 2472 καὶ
864 2402 1065 2492 στρατιώτας

103 2517 247 2594 θαρρεῖν
279 2506 334 2573 καὶ
365 2504 676 2592 παρασκευάζεσθαι
708 2503 771 2595 τήν
798 2504 974 2597 διαγωγήν
1000 2512 1065 2577 τόν

103 2609 250 2696 τριήροιν
272 2619 314 2661 **
333 2613 392 2694 τής
413 2608 631 2697 περιεχούσης
650 2606 754 2696 ἀκρας
770 2607 828 2680 τόν
843 2612 973 2699 λιμένα.
1007 2610 1062 2681 Τό·

104 2736 165 2789 πος
188 2701 231 2797 ήν
249 2705 370 2796 ὁμαλὸς
394 2713 450 2779 καί
474 2711 651 2798 πηλούδης,
681 2704 778 2800 εὖρος
797 2723 905 2783 είκοσι
931 2713 1061 2784 στάδια·
1084 2738 1093 2796 ι

103 2817 223 2881 τούτου
237 2815 271 2879 ol
281 2817 479 2897 στρατιῶται
494 2812 606 2895 ξύλοις
619 2814 919 2902 φαλαμγύσαντες,
938 2812 1059 2906 ύπερή-
1085 2838 1093 2901 η

103 2941 230 3002 νεμκαυ
261 2910 467 3001 ὀγδοήκοντα
494 2914 640 3004 τριήρεις
666 2912 773 3043 ήμέρηι
804 2923 873 3009 μιᾷ.
913 2914 1060 3007 Ιμίλιιων

105 3017 271 3106 φοβηθεὶς
285 3044 329 3104 μη
317 3014 543 3102 Διονύσιος,
557 3016 596 3085 τό
610 3018 771 3089 ναυτικόν
784 3017 969 3127 ἀπολαβων
982 3018 1087 3141 ύπδρ

104 3120 165 3209 τήν
188 3118 296 3209 ἀκραν
316 3118 535 3206 ἐπιπλεύσας,
561 3117 640 3200 τούς
659 3128 914 3211 Καρχηδονίους
940 3128 996 3196 ἐπὶ
1022 3128 1093 3217 τῷ

104 3222 242 3312 στόματι
266 3229 328 3292 τοῦ
348 3222 479 3309 λιμένος
499 3231 719 3305 κατακλείσας
741 3231 843 3295 ἔνδον
864 3228 987 3314 ἐξέλοι,
1007 3235 1093 3316 βο·

104 3327 183 3416 ρέου
201 3323 407 3403 πνεύσαντος
426 3322 543 3412 ούριον
565 3324 741 3397 ἀπόπλουν
760 3329 947 3418 ἐποιήσατο.
982 3341 1059 3401 Διο·
1091 3363 1093 3405 ι

102 3428 218 3508 νύσιος
232 3427 269 3497 δὲ
282 3429 339 3496 καὶ
352 3425 411 3497 τόν
424 3430 543 3517 λιμένα
556 3431 613 3499 καὶ
625 3428 688 3519 τήν
700 3431 846 3521 Μοτύην
858 3434 917 3504 καὶ
930 3431 969 3504 τό
982 3460 1059 3503 ναυ-
1091 3469 1093 3505 :

103 3529 198 3601 τικδν
212 3529 413 3601 ἀνεστόσατο.
1086 3572 1093 3627 ,ι
