2318 3892
146 186 203 246 ιον
544 182 733 245 ΒιεΛιοα
1122 32 1128 255 ἐ

58 428 61 433 ,
143 366 206 447 βου
225 359 281 426 καλ
304 359 337 437 ἐς
360 354 422 444 τὴν
446 355 558 445 χώραν
573 352 680 436 ιἰδεύς
694 354 850 445 ἐξῄεσαν·
865 351 883 424 ὁ
897 353 954 441 δδ,
974 361 1098 427 διεσκε·
1134 354 1151 417 ὅ

144 465 339 549 δασμένων,
365 459 467 529 πάλιν
488 459 689 539 ἐπιπλεύσας
716 462 751 538 ἐς
770 457 832 546 τὴν
851 458 970 548 Σάμον
994 465 1099 554 πολλῷ
1137 476 1151 520 ⁶

144 572 283 633 πλείονα
309 568 403 632 λείαν
427 566 484 650 τῆς
512 566 675 651 προτέρας
700 558 841 651 ἥρπασε.
880 568 986 634 Τούτο
1013 561 1099 633 καλό
1141 585 1151 623 ¹

109 674 304 756 Φορμίων
318 664 476 755 πρότερος
490 669 568 735 ἐποί
553 672 626 754 ίησε
640 670 877 737 Χαλκιδεῦσιν.
1076 729 1081 738 ,
1141 689 1151 727 ι

93 786 127 841 37
216 768 402 858 Ἰφικράτης
422 774 711 857 Λακεδαιμονίους
731 769 787 837 καὶ
810 775 980 856 Θηβαίους
1004 776 1097 838 πολε·
1085 798 1125 836 ε
1133 791 1151 830 ι

137 871 710 1000 μοῦνταςἐπεχείρειδιαλλάσσεινο
712 869 1101 960 ίδεσύμμαχοιθηβαίων

137 974 281 1067 Ἀργεῖοι
302 977 359 1046 καί
375 971 533 1064 Ἀρκάδες
551 972 791 1062 ἀντέπρασσον.
815 971 906 1043 Ὀδδ
921 979 992 1043 τῶν
1007 995 1100 1062 στρα-
1138 972 1151 1036 ί

143 1083 346 1149 τιωτύνένί
309 1105 394 1158 νοις
416 1079 595 1165 προσέταξε
612 1083 811 1202 λεηλατῆσρα
836 1074 899 1165 τὴν
915 1072 1100 1165 Ἀργολίδα.
1135 1069 1151 1138 τί

148 1187 224 1252 Τύν
239 1178 298 1250 δὲ’
294 1188 402 1269 Αργεί
402 1208 450 1250 ων
462 1179 713 1268 ἐγκαλούντων,
732 1177 811 1260 τούς
824 1177 1035 1268 φυγάδας’
993 1186 1101 1253 αυτόν
1133 1200 1151 1240 2⁰

144 1290 210 1373 ἐφη
229 1288 356 1363 αίτίους
370 1283 467 1353 εἶναι.
502 1281 692 1373 Προελδάν
712 1282 822 1352 δὲκαὶ
841 1278 886 1364 ός
898 1282 981 1364 τούς
993 1283 1098 1374 φυγά·
1133 1298 1151 1345 λε

144 1393 204 1468 δας
217 1385 422 1476 άφελόμενος
445 1383 507 1474 τὴν
527 1393 623 1457 λείαν
642 1401 710 1466 τοίς
726 1382 886 1475 Ἀργείοις
907 1383 1097 1458 ἀπέδωκεν·
1133 1383 1151 1447 ⁰i

143 1493 177 1560 οί
200 1490 253 1578 δὲ,
274 1487 515 1579 ἀπολαβόντες,
538 1485 583 1571 ὡς
597 1487 754 1579 εὐεργέτῃ
772 1491 829 1558 καί
849 1495 1010 1584 φίλφπρῖ
1022 1487 1097 1579 Ἰφι-
1132 1477 1151 1549 Ἐ

143 1593 257 1682 κράτει
280 1595 516 1681 προσέφευγον
535 1594 591 1663 καὶ
611 1590 673 1682 τὴν
686 1590 824 1681 είρήυην
843 1597 1019 1682 αἱρεῖσθαι
1035 1601 1096 1682 Θη-
1137 1612 1151 1652 ¹¹

143 1703 261 1784 βαίους
277 1701 425 1768 ἔπεισαν.
1139 1717 1151 1757 ν

89 1815 125 1871 38
212 1797 400 1889 Ἰφικράτης
415 1806 549 1887 βασιλεῖ
564 1819 760 1922 στρατηγων
772 1824 854 1886 μετα
843 1794 1151 1887 Φαρναβάζουμ·

142 1905 255 1971 πλέων
279 1900 397 1972 ἐπἈ
365 1901 558 1988 Αίγύπτου,
586 1905 644 1988 τῆς
666 1899 775 1988 χώρας
801 1897 912 1988 ούσηο
930 1898 1098 2029 ἀλιμένου,

142 2002 657 2093 παρήγγειλετοίςτριηράρχοις,
667 1999 949 2090 “Τεσσαράκσν,πα
958 2003 1151 2085 σάκκους

141 2111 279 2188 ἕκαστος
298 2103 431 2194 ἐχέτω.”
468 2109 788 2194 Προσορμιζομένων
802 2106 841 2175 δδ
858 2104 939 2188 τούς
958 2107 1100 2195 σάκκους
1134 2134 1151 2185 ,·

141 2209 253 2298 άμμου
274 2210 400 2298 πλήσας
421 2219 485 2263 ***
506 2213 691 2296 κεφαλίδας
713 2212 854 2296 ἐξῆπτεν
866 2208 1009 2301 ἑκάστης
1020 2207 1101 2293 νεός

142 2314 199 2383 καί
213 2310 319 2394 οὕτως
332 2310 533 2383 ἀνείλκυσεν
546 2307 648 2391 αύτόις
660 2316 921 2400 τεταρσωμένας.

89 2437 123 2492 39
214 2413 402 2506 Ἰφικράτης
422 2418 460 2484 ἐν
479 2412 667 2501 Ἐπιδαύρο
691 2411 813 2503 μικρὸν
839 2412 911 2486 άνω
928 2413 1102 2503 θάλασσης

140 2519 379 2607 παρετάσσετο·
398 2517 578 2607 γενόμενος
600 2517 638 2586 δδ
653 2516 737 2587 κατά
751 2516 850 2598 άλσος
863 2515 958 2606 βαθύ
970 2518 1031 2588 καὶ
1043 2517 1101 2588 σύ·
1138 2471 1143 2553 1

141 2644 253 2705 σκιον,
276 2620 478 2710 ἀνεβόησεν,
500 2623 735 2704 ἐξανίστασθαι
749 2619 827 2700 τούς
839 2623 1102 2710 ἐγκαθημένους.

143 2729 188 2793 OC
205 2726 355 2811 πολέμιοι
378 2726 588 2812 φοβηθέντες
608 2725 750 2812 ἐνέδραν
771 2723 921 2812 μεγάλην
942 2721 1101 2812 άνέστρε·

139 2841 225 2912 ψαν,
245 2826 301 2896 καί
321 2823 377 2896 διά
391 2825 511 2914 τάχους
525 2831 572 2906 είς
588 2823 647 2907 τὰς
660 2831 743 2907 ναύς
755 2826 1010 2915 καταφυγόντες
1021 2825 1100 2899 άνε·
1085 2854 1134 2896 -s

140 2929 305 3019 χάρησαν.
1024 2974 1030 2987 .
1147 2944 1151 2993 ι

89 3052 123 3104 40
213 3028 400 3121 Ἰφικράτης
426 3033 464 3098 ἐν
484 3035 652 3121 Θεσσαλία
679 3025 758 3097 ααί’
753 3027 901 3100 Ἰάσων
886 3058 906 3101 ο
923 3030 1102 3122 τύραννος,
1145 3008 1150 3115 ί

140 3132 875 3222 πλησίονποταμούσπείσασδαιβουλόμενοι,
889 3131 938 3204 δι’
947 3131 1148 3223 ἀγγέλων

138 3234 328 3326 ἠρεύνησαν
347 3233 512 3325 ἀλλήλους
525 3234 637 3304 καὶ
600 3264 640 3305 τα
657 3235 794 3324 σύματα
807 3237 1022 3325 ἐγύμνωσαν·
1044 3240 1100 3309 καί

138 3336 244 3420 ούτως
263 3335 331 3408 ὑπὸ
350 3338 411 3428 τὴν
428 3340 582 3427 γέφυραν
601 3338 760 3420 ἐλθόντες
778 3343 976 3423 διελέξαντο.
1008 3338 1098 3413 Ἐπεί
1112 3354 1150 3409 αλ

138 3442 176 3512 δὲ
190 3443 246 3511 καί
255 3440 332 3522 τούς
345 3439 465 3529 ὅρκους
479 3440 536 3511 διά
549 3445 617 3510 τόν
631 3445 764 3530 ίερείων
774 3445 875 3532 ἐχρῆν
882 3443 1099 3534 ποιήσασθαι,

132 3542 320 3635 Ἰφικράτης
339 3543 401 3634 μὲν
420 3542 464 3635 δὴ
476 3546 532 3617 ἐπὶ
550 3542 612 3636 τὴν
632 3546 786 3636 γέφυραν
799 3543 969 3636 ιἰνῆλδεν,
984 3544 1099 3619 Ἰάσιον
1140 3616 1144 3671 ι
