2318 3892
104 192 162 253 124
359 263 363 270 ,
486 191 668 252 εεεκτοα

451 356 476 410 2.
504 358 702 409 ΦΙΛΙΠΠΟΣ.

68 499 83 548 1
180 473 344 546 Φίλιππος
364 467 418 535 ε’πὶ
441 468 667 551 στρατοπέδου
680 462 830 553 Δόκιμον
848 473 1047 555 Ταραντῖνον
1072 484 1075 503 ⁴

102 576 231 694 λουτρῷ
244 574 360 662 θερμῷ
375 570 582 657 χρησάμενον
608 566 670 657 τήν
693 564 874 656 ήγεμονίαν
888 565 1046 655 ἀφείλετο

102 672 227 760 φήσας,
253 668 411 758 “Ἀγυοεί
411 700 432 740 ν
455 701 510 760 μοι
532 677 641 751 δοκεῖς
660 669 700 738 τά
724 671 948 757 Μακεδόνων,
977 667 1045 760 παρ’

102 804 151 856 οις
123 773 245 844 οὐδὲ
259 773 344 863 γυνή
359 780 500 844 τεκοῦσα
513 779 629 867 θερμῷ
643 771 807 843 λοόεται.”
1057 806 1065 842 τ

67 903 84 953 2
179 887 359 964 Φίλιππος,
382 882 419 946 ἐν
438 885 628 969 Χαιρωνεία
648 875 939 1004 παρατασσόμενος
956 873 1048 963 Ἀθη-

102 990 225 1067 ναίοις,
243 984 330 1063 είξας
345 984 502 1050 ἐνέκλινε.
531 977 722 1069 Στρατηγδς
740 977 933 1068 Ἀθηναίων
946 988 1049 1067 Στρα·

101 1090 220 1172 τοκλής
234 1079 408 1171 έκβοήσας,
420 1079 497 1152 “023
514 1082 575 1171 χρή
590 1080 773 1172 άποστήναι
787 1083 1051 1172 προσκειμένους,

102 1192 165 1268 ἕως
187 1182 229 1255 άυ
251 1184 329 1266 τούς
349 1194 526 1274 πολεμίους
547 1192 814 1274 κατακλείσωμεν
837 1191 883 1266 είς
898 1190 1050 1254 Μακεδο-

103 1287 226 1377 υίαυ”,
246 1287 308 1359 οὐκ
330 1285 432 1376 άυήκε
452 1288 594 1359 διώκων.
632 1297 815 1374 Φίλιππος,
837 1287 943 1358 εἰπάν
961 1284 1052 1357 “οόκ
1064 1319 1075 1360 ιι

103 1398 293 1464 ἐπίστανται
322 1397 422 1461 υικάυ
444 1389 659 1480 Ἀθηναῖοι”,
688 1393 743 1461 ἐπὶ
769 1391 856 1461 πόδα
885 1387 1053 1480 άνεχάρει,

102 1496 378 1584 συνεσπασμένηυ
392 1501 478 1583 έχων
494 1493 555 1584 τήν
576 1493 731 1583 φάλαγγα
752 1496 808 1564 καὶ
830 1491 923 1575 ἐντός
946 1491 1055 1565 ὅπλων

103 1602 367 1687 πεφυλαγμένος.
402 1596 490 1668 Μετ’
508 1596 621 1687 ὀλίγον
634 1594 843 1687 ὑπερδεξίων
863 1596 980 1668 τόπων
1000 1606 1053 1667 λα·

105 1802 238 1893 ράστως
253 1805 408 1894 ἐμβάλλει
421 1820 489 1885 τοίς
501 1802 705 1893 Ἀθηναίοις,
725 1805 782 1873 καὶ
797 1810 956 1895 λαμπρῶς
970 1801 1075 1892 ἄγω-ι

104 1908 278 1996 νισάμευος
291 1910 455 1995 ἐνίκησεν.

71 2030 88 2082 3
181 2017 346 2089 Φίλιππος
377 2012 432 2079 ἐπὶ
464 2015 632 2096 Θηβαίους
659 2007 866 2096 ἐστράτευεν.
907 2005 1055 2099 Ἀέροπος

104 2115 161 2183 καί
182 2112 403 2201 Δαμάσιππος
422 2108 599 2202 ἡγεμόνες,
620 2108 685 2181 άπδ
705 2117 907 2182 πανδοκείου
929 2123 1054 2200 μισθω-

104 2216 241 2305 σάμενοι
255 2215 436 2302 ψάλτριαν,
452 2219 485 2294 ἐς
500 2212 538 2284 τό
552 2214 775 2303 στρατόπεδον
788 2214 980 2303 εἰσήγαγον.
1011 2209 1055 2282 Οό

105 2317 171 2408 μήν
194 2325 317 2388 ἔλαθον
339 2326 527 2404 Φίλιππον,
555 2315 640 2387 ἀλλὰ
665 2316 871 2407 καταμαθών
890 2315 994 2406 άμφω
1015 2313 1075 2385 τότ

71 2432 77 2444 “
104 2420 246 2511 ἡγεμόνε
265 2427 334 2491 τάν
353 2420 442 2511 ὅρων
462 2426 520 2507 τής
540 2417 644 2491 αὑτοῦ
663 2427 833 2509 βασιλείας
852 2421 1056 2510 ἐξεκήρυξεν.

71 2548 89 2600 4
184 2533 349 2605 Φίλιππος
374 2527 528 2614 πρέσβεις
548 2530 695 2613 ἐπεμψεν
724 2526 757 2604 ἐς
777 2531 949 2612 πολεμίων
972 2531 1055 2613 Θρηι-

105 2633 175 2696 κων
195 2628 303 2697 πόλιν.
348 2632 391 2696 Οἱ
411 2628 472 2716 μέν
492 2630 672 2716 ἐκκλησίαν
693 2626 885 2716 συνήγαγον
904 2627 963 2696 καὶ
986 2623 1056 2704 τούς

105 2728 310 2817 πρεσβευτάς
337 2731 493 2799 ἐκέλευον
520 2727 714 2820 άγορεόειν,
747 2731 803 2798 καὶ
833 2722 877 2818 ήν
901 2725 1057 2799 ἁπάντων

105 2830 235 2921 σπουδή
256 2833 333 2917 περὶ
351 2830 413 2920 τήν
431 2829 591 2920 ἀκρόασιν
612 2823 660 2902 ὧν
674 2829 862 2919 ιἰγγελοόσι.
895 2839 1075 2910 Φίλιπποςι

105 2939 143 3006 ἐν
166 2941 213 3029 τῷ
232 2939 338 3028 καιρῷ
364 2933 486 3026 τούτῳ,
518 2934 563 3023 μή
595 2941 827 3026 προσδοκῶσιν
852 2937 1058 3024 ἐπιθέμενος,

106 3044 163 3128 τής
176 3038 303 3119 πόλεως
317 3035 507 3127 ἐκράτησεν.

73 3162 88 3210 5
182 3148 347 3220 Φίλιππος
371 3137 473 3229 ᾔτησε
492 3136 585 3227 παρά
604 3144 674 3209 τοῖν
697 3144 866 3228 πολεμίων
889 3134 1059 3224 Ἰλλυριῶν

108 3243 247 3331 νεκροὺς
266 3240 511 3321 ὑποσπόνδους.
552 3247 626 3310 Τῶν
647 3242 685 3311 δέ
706 3241 890 3327 διδόντων,
910 3236 1012 3330 ήυίκα
1032 3245 1061 3309 οἱ

108 3354 237 3435 ἔσχατοι
251 3350 455 3435 ἐκομίζοντο,
470 3342 619 3432 σημάνας
631 3342 835 3432 ἀφυλάκτοις
849 3347 1011 3432 ἐπῆλθεν.
1071 3379 1075 3419 :

73 3464 91 3517 6
180 3458 345 3529 Φίλιππος
368 3453 407 3518 ἐν
432 3455 617 3539 παλαίστρᾳ
638 3449 693 3517 καὶ
713 3443 952 3537 Μηνηγέτηςό
974 3473 1057 3534 παγ-

109 3550 305 3641 κρατιαστής
331 3555 519 3622 ἐκυλίοντο·
548 3555 582 3621 οἱ
604 3555 801 3641 στρατιῶται
826 3548 941 3645 κόκλφ
967 3576 1059 3639 περι-
