2318 3892
110 179 169 243 186
504 183 688 245 ΒΙΒΛΙΟΝ

109 356 301 442 ἐπειρῶντο,
317 356 372 425 καί
387 346 479 425 οὗτοι
494 357 815 445 προσανχρέθησαν,
836 351 900 426 οὐκ
914 352 1062 458 ἐλάττους

107 461 176 525 τῶν
190 459 380 539 ἑξακοσίων.

319 602 327 617 ’
454 636 479 693 4.
498 600 719 693 ιΠωΑΡΙυοΣ.

179 759 369 851 Ἱππαρῖνος
397 767 434 833 έν
458 769 652 842 Λεοντίνοις
679 757 744 848 ῶν,
777 759 983 852 αἰσθόμενος
1007 762 1062 852 τήν

107 873 354 953 Συρακουσίων
382 866 480 936 πόλιν
503 872 626 954 ἐρήμου
646 867 833 954 γενομένην
853 863 967 935 διὰτὸ
987 863 1062 954 μετὰ

106 977 309 1059 Καλλίππου
323 966 400 1048 τούς
415 976 550 1049 πολίτας
564 979 612 1048 είς
624 996 701 1038 τινα
714 969 816 1039 τόπον
829 970 1063 1058 έξωρμηκέναι,

107 1069 252 1160 ὁρμήσας
274 1075 310 1141 ἐκ
329 1079 538 1156 Λεοντίνων,
563 1070 676 1140 έλθῶν
697 1072 752 1140 ἐπὶ
775 1069 833 1150 τῶς
845 1071 1064 1157 Συρακούσας

106 1173 244 1259 νυκτὸς,
271 1175 401 1261 πέμψας
421 1172 515 1254 τινδις
534 1175 588 1243 ἐπὶ
609 1172 670 1263 τήν
690 1172 790 1243 πόλιν
811 1175 972 1243 ἐκέλευσε
991 1172 1063 1254 τούς

107 1275 427 1364 παραφυλάττοντας
446 1275 508 1373 τήν
530 1279 671 1363 ἐφοδίαν
695 1274 901 1347 ἀποκτεῖναι.
938 1282 987 1347 OC
1007 1276 1064 1365 μὲν

106 1385 260 1448 ἔκτειναν
278 1375 356 1458 τούς
379 1382 704 1468 παραφυλάσσοντας
729 1380 786 1449 καὶ
810 1384 956 1460 πυλίδας
974 1377 1064 1466 τινὰς

105 1487 167 1550 τοῶ
187 1488 316 1568 τείχους
338 1487 479 1551 διεῖλον*
489 1477 687 1571 ’Ἱππαρῖνος
701 1481 755 1567 δέ,
776 1480 832 1551 διὰ
845 1481 979 1552 τούτων
992 1480 1063 1563 τοὺς

106 1585 220 1681 ξένους
235 1582 425 1672 είσαγαγῶν
438 1585 575 1673 κατέσχε
591 1584 652 1674 τήν
668 1591 916 1674 Συρακουσίων
931 1585 1041 1657 πόλιν.

473 1765 499 1818 τ.
517 1722 705 1819 ουοΚΛιεΣί

72 1916 85 1966 l
179 1893 342 1979 Θεοκλῆς,
371 1892 560 1970 Χαλκιδέας
579 1888 656 1970 τούς
677 1886 736 1961 ἄπ’
753 1886 902 1979 Εὐβοίας
914 1886 1060 1979 ἐγαγῶν,

104 1989 167 2080 τήν
180 2000 373 2061 Λεοντίνων
392 1995 529 2079 κατέσχε
549 1992 634 2081 μετὰ
652 1999 825 2079 Σικελῶν,
851 2000 886 2064 οἳ
906 1989 1059 2083 προενοιὲ

104 2101 243 2173 κοῦντες
268 2095 461 2181 ἐτύγχανον.
502 2093 592 2164 Ἐπεὶ
621 2096 660 2165 δέ
688 2097 746 2166 καλ
764 2095 871 2184 Δάμις
898 2098 936 2166 ἐκ
963 2083 1061 2182 Μεγί

106 2225 177 2284 ρων
191 2195 349 2267 ιἰποικίαν
363 2193 500 2284 ἆγαγῶν
513 2202 555 2287 τή
563 2205 757 2270 Λεοντίνων
770 2197 1059 2287 προσβέλλειν**,

104 2297 203 2380 αὐτὸς
217 2300 279 2389 μὲν
292 2304 448 2387 ἐκβαλεῖν
468 2306 533 2388 ἔφη
547 2300 625 2382 τούς
638 2307 881 2381 συνοικοῦντας
898 2298 1060 2379 Σικελοδς

103 2401 148 2490 μή
179 2402 348 2472 δύνασθαι
374 2400 432 2472 διδ
449 2401 529 2483 τούς
547 2401 685 2493 ὅρκους·
708 2409 848 2484 ἐκείνοις
875 2404 913 2473 δὲ
942 2400 1060 2483 ννκτδς

102 2501 249 2587 ιἰνοίξειν
262 2504 321 2586 τδις
334 2506 450 2594 πύλας,
467 2509 524 2575 καὶ
538 2506 769 2597 παρελθόντας
778 2504 901 2585 αὐτοὺς
915 2513 1071 2596 χρήσθωι

102 2622 171 2686 τοῖς
192 2618 348 2689 Σικελοῖς
370 2605 415 2689 ῶς
436 2618 629 2701 πολεμίοις..
647 2605 683 2678 ‘0
703 2609 765 2698 μέν
784 2606 949 2702 ἆνέφξεν·
970 2615 1006 2679 οί
1025 2608 1059 2677 δέ

102 2717 274 2797 Μεγαρεῖς
282 2711 546 2800 καταλαβόμενοι
560 2712 621 2801 τήν
634 2709 761 2800 τἰγοράν
774 2713 830 2780 καλ
841 2710 902 2799 τήν
915 2708 1057 2799 ἀκρόπο-

102 2820 173 2897 λιν,
195 2808 396 2899 ῶπλισμένοι
420 2817 645 2900 προσέπιπτον
664 2830 733 2895 τοῖς
747 2822 912 2895 Σικελοῖς.
954 2819 1001 2883 Οί
1012 2813 1057 2900 δὲ,

87 2918 374 3001 νκαταληφθέντες
389 2913 525 3000 ἄοπλοι,
549 2914 611 3004 τήν
624 2916 724 2985 πόλιν
744 2915 936 2995 ἐκλιπόντες
957 2923 1057 3004 ἐφεν-

101 3037 178 3101 γον·
203 3025 376 3106 Μεγαρεῖς
396 3016 433 3086 δέ
455 3015 529 3087 ιἰντλ
543 3024 698 3088 Σικελῶν
718 3023 924 3089 Χαλκιδεῦσι
945 3041 1071 3091 συνων

102 3118 302 3207 μολόγήσαν.

66 3241 82 3291 2
180 3228 327 3310 Θεοκλῆς
352 3222 532 3313 Μεγαρέας
557 3226 764 3291 Χαλκιδεῦσι
794 3221 1058 3312 συνοικήσοντας

101 3327 135 3406 ἐξ
149 3329 256 3413 μήνας
276 3329 334 3413 τής
349 3325 476 3405 πόλεως
490 3327 639 3411 ἐξέβαλε,
662 3324 770 3412 φήσας
786 3321 955 3406 εὔξασθαι
974 3322 1058 3395 κατὰ

100 3423 160 3496 τὸν
174 3433 233 3497 τοῦ
249 3430 396 3517 πολέμου
411 3425 548 3516 καιρὸν,
567 3423 585 3449 “
598 3424 676 3498 Ἐὰν
688 3427 907 3517 κρατήσωμεν
919 3433 978 3517 τής
998 3427 1056 3497 πό-

100 3536 183 3610 λεως
196 3526 366 3619 ἀσφαλῶς,
378 3531 501 3602 θύσειν
513 3544 582 3613 τοῖς
595 3530 728 3603 δῶδεκα
739 3543 834 3612 θεοῖς
842 3532 899 3603 καὶ
912 3534 1058 3620 πέμψειν
