2318 3892
144 752 147 760 Ι
204 647 518 737 ΠΟΛΤΑΙΝΟΥ
543 663 892 742 ΣΤΡΑΤΗΓΙΚΑ.
952 599 956 603 ἱ

346 988 530 1059 ΒΙΒΛΙὈΝ
555 990 753 1062 ΠΡΩΤΟΝ·

144 1171 226 1270 Τὴν
244 1181 306 1269 μὲν
326 1179 408 1250 κατά
427 1188 571 1272 Περσῶν
597 1186 653 1254 καὶ
678 1191 892 1272 Παρθυαίων
915 1191 1025 1274 νίκην,
1047 1210 1059 1260 1

55 1290 237 1379 [ερώτατοι
257 1301 406 1382 βασιλεῖς
423 1290 602 1364 Ἀντωνίνε
627 1297 683 1364 καὶ
707 1293 837 1385 Οόῆρε,
856 1295 944 1384 παρὰ
958 1302 1027 1365 τών

55 1399 160 1463 θεῶν
181 1399 268 1477 ἕξετε
288 1399 343 1464 καὶ
367 1394 456 1486 παρά
475 1401 532 1485 τῆς
551 1393 713 1487 ὑμετέρας
728 1396 847 1488 ἀρετῆς
860 1400 916 1467 καὶ
935 1396 1025 1486 παρὰ

55 1503 124 1586 τῆς
132 1493 299 1586 Ῥωμαίων
313 1496 487 1587 άνδρείας,
503 1497 583 1588 μεθ’
601 1490 649 1569 ὧν
668 1502 751 1587 αἰεὶ,
765 1503 822 1570 καὶ
836 1500 955 1586 πάλαι,
969 1503 1026 1569 καί

55 1605 131 1670 νῦν
158 1601 301 1670 εἰώθατε
330 1606 430 1670 νικᾶν
452 1599 530 1681 τοδς
551 1597 761 1691 ὑπάρχοντας
784 1605 949 1690 πολέμους
969 1605 1026 1671 καλ

55 1702 184 1791 μάχας·
201 1702 266 1790 ἐγώ
280 1704 317 1772 δὲ
332 1701 506 1773 Μακεδών
520 1700 625 1792 άνηρ,
638 1704 779 1793 πάτριον
792 1711 878 1792 ἔχων
893 1700 930 1772 τδ
945 1731 1024 1792 κρα-

55 1822 135 1876 τεῖν
149 1811 293 1895 Περσών
307 1805 545 1894 πολεμούντων
559 1806 745 1894 δυ’νασθαι,
766 1805 829 1877 οὐκ
839 1803 1026 1896 ἀσύμβολος

55 1908 144 1999 ὑμῖν
166 1913 203 1979 ἐν
218 1914 265 2003 τῷ
279 1908 423 1998 παρόντι·
441 1911 548 2003 καιρῷ
561 1913 722 1998 γενέσθαι
735 1911 908 2000 βούλομαι.
923 1906 1026 1996 Ἀλλ’,
1047 1927 1064 1978 2

55 2022 92 2084 εί
106 2013 170 2101 μὲν
183 2009 307 2101 ἦκμαξί
318 2040 384 2101 μου
393 2010 430 2081 τό
445 2017 539 2102 σώμα
547 2063 557 2098 ,
570 2014 627 2082 καὶ
640 2013 842 2103 στρατιώτης
852 2013 1027 2102 πρόθυμος

55 2113 105 2186 άν
132 2113 311 2204 ἐγενόμην,
334 2120 556 2207 Μακεδονικῇ
576 2115 670 2206 ῥώμη
684 2115 868 2206 χρώμενος·
891 2117 964 2183 ἐπεὶ
989 2117 1027 2182 δέ

55 2247 119 2308 μοι
143 2217 357 2306 προήκουσαν
370 2216 431 2342 την
445 2213 579 2308 ἡλικίαν
594 2214 710 2304 δρᾶτε,
732 2215 773 2286 οὐ
786 2216 854 2307 μὴν
866 2213 946 2286 οὐδὲ
960 2222 1025 2285 νῦν

55 2321 283 2440 ἀστράτευτος
305 2319 518 2390 παντάπασιν
541 2315 851 2407 ἆπολειφθησομαι,
872 2315 956 2387 αλλα
968 2345 1026 2407 της

55 2425 283 2510 στρατηγικῆς
304 2421 484 2510 ἐπιστήμης
504 2420 625 2507 ἐφόδια
637 2423 733 2489 ταυτί
746 2422 945 2543 προσφέρω,
965 2416 1027 2488 ὅσα

56 2532 132 2596 τών
148 2526 250 2595 παλαι
258 2524 376 2611 γέγονε
385 2521 654 2612 στρατηγηματα
671 2517 753 2610 ὑμῖν
767 2550 802 2622 τε
816 2517 929 2602 αὐτοῖς
944 2531 1023 2604 πολ-

60 2629 127 2719 λὴν
149 2632 325 2716 ἐμπειρίαν
346 2631 539 2695 παλαιόν’
525 2637 650 2716 ε’ργων,
678 2640 747 2706 τοῖς
777 2654 813 2696 τε
839 2621 910 2722 υπδ
930 2621 1027 2714 υμών

60 2731 287 2856 πεμπομένοις
307 2728 545 2854 πολεμάρχοις,
568 2721 816 2818 ηστρατηγολς,
834 2723 860 2852 η1
882 2728 1024 2817 μυριάρ-

61 2863 149 2923 χοις,
175 2864 196 2924 η
224 2832 421 2921 χιλιάρχοις,
448 2862 470 2921 η
496 2828 804 2920 ἒξακοσιάρχοις,’“
784 2863 804 2921 η
832 2829 1025 2900 όσαιάλλαι

61 2937 178 3007 ὅπλων
191 2933 306 3023 όιρχαὶ,
322 2933 606 3023 διδασκομένοις’
587 2942 737 3024 αρχαίων
755 2933 1026 3020 κατορθωμάτων

63 3039 184 3130 ἀρετάς
197 3041 252 3108 καὶ
260 3040 385 3126 τέχνας.
406 3036 561 3127 Ἀνδρεία
570 3038 632 3126 μὲν
643 3035 726 3128 γάρ,
742 3035 831 3116 ὅστις
845 3032 932 3124 άλκῇ
944 3063 1024 3125 χρη·
1042 3055 1059 3108 3

63 3144 207 3233 σάμενος
231 3148 401 3230 πολεμίων
426 3141 624 3230 μαχομένων
642 3140 845 3231 1ἐκράτησεν,
867 3134 1028 3226 εὐβουλία

65 3248 120 3333 δὲ,
147 3243 266 3333 ἀμαχεί
292 3246 392 3332 τέχνη
411 3245 467 3314 καὶ
490 3243 578 3338 δόλῳ
604 3249 854 3334 περιγίνεσθαι·
891 3237 935 3320 ώς
959 3246 1027 3309 ἔστι

65 3349 179 3439 πρώτη
194 3350 317 3417 δεινών
330 3352 524 3435 στρατηγών
537 3352 657 3433 σοφία,
678 3351 823 3416 κτάσθαι
842 3340 906 3432 την
927 3348 1027 3430 νίκην

64 3452 258 3523 ἀκίνδυνον.
290 3447 445 3539 ’Ἀριστον
465 3450 503 3528 δὲ
517 3449 573 3519 καλ
587 3447 624 3518 τό
637 3451 676 3519 ἐν
690 3445 776 3542 αὐτῇ
788 3453 830 3538 τῇ
847 3445 1027 3554 παρατάξει

835 3563 879 3621 ηε
