2318 3892
154 175 216 240 ιω
541 169 727 233 ιιιιιοιι
1134 39 1153 245 ό

157 351 199 436 τή
210 346 311 435 μητρδ
320 343 542 435 Παρυσάτιδι,
555 338 576 432 ή
589 342 732 431 μάλιστα
745 340 951 413 ἐσπουδάκει
963 348 1109 413 τίσασθαι

161 452 375 538 Τισαφέρνην
396 448 449 516 έπδ
463 451 504 535 τή
517 445 635 535 Κύρου
649 450 800 535 τελευτῇ.
823 441 1108 534 ’Ἐμελλονδδόρι
1137 468 1153 543 χ

155 548 244 620 μαλ’
226 572 301 620 οσαι
313 555 381 619 τῶν
387 545 555 636 Ἑλλήνων
568 576 636 618 των
644 555 803 639 Κυρειων
811 546 990 637 μητέρες
967 576 989 639 η
1002 559 1142 637 γυναι-
1134 593 1151 634 χ

156 682 211 735 κες
238 649 391 741 λαμπρόν
418 649 604 735 ὀλολύζειν,
638 653 852 741 Τισαφέρνου
879 656 980 733 δίκας
1008 649 1145 729 δόντος
1133 680 1153 736 η,

155 762 213 845 τής
227 758 261 836 ἐς
275 752 353 834 τούς
357 751 550 843 Ἐλληνας’
533 753 669 842 απύτης.
1144 802 1153 839 ,-

121 879 138 931 λ
228 850 970 946 Ἀρταξέρξηςτδνπύλεμονήγωνοθέτειτολς“
965 862 1105 943 Ελλησιι,

156 957 209 1030 ιἰεὶ
224 964 485 1084 προστιθέμενος
504 975 572 1039 τοῖς
585 956 796 1083 ἡττωμένοις.
829 954 899 1027 Ἀεὶ
919 955 988 1047 γὰρ
1007 959 1105 1027 έπαιι-

156 1083 229 1132 σων
247 1061 284 1132 τὸ
311 1061 553 1149 έλαττούμενον
572 1059 635 1149 τήν
660 1059 758 1147 ἰσχύν
779 1063 839 1128 τού
858 1084 1037 1185 νικωντος
1043 1085 1106 1131 κατ·

156 1165 264 1235 έλνεν.

551 1337 590 1394 17
610 1339 723 1398 ΩΧΟΣ.

227 1459 344 1556 Ὦχος,
353 1463 568 1590 Ἀρταξέρξου
581 1469 643 1536 τού
655 1462 792 1591 πατρὸς
792 1462 883 1560 αύτρ)
870 1465 1105 1571 ’τελευτήσαν-

157 1596 267 1656 τος,ε
253 1565 389 1650 εἰδιδς’
371 1594 422 1636 οτι
441 1566 568 1692 περιρδν
586 1568 648 1656 μὲν
670 1565 688 1637 ὁ
710 1566 819 1658 πατήρ
840 1561 1021 1695 φοβερὸς
1000 1598 1044 1697 ην
1056 1583 1109 1648 τοῖς

157 1667 328 1796 ὑπηκόοις,
342 1696 425 1760 μετα
412 1667 525 1738 ”δδ
490 1696 552 1758 την
565 1669 853 1759 τούτοντελευτήν
866 1667 968 1752 αύτδς
982 1668 1110 1741 εύιιατα·
1142 1750 1148 1759 ,

158 1772 324 1862 φρύνητος
344 1778 471 1858 ἔσοιτο,
494 1787 563 1852 τοῖς
585 1768 758 1861 εὐνούχοις
778 1774 835 1842 καὶ
853 1786 1111 1863 κατακοιμισταλς
1142 1770 1153 1807 ³

157 1877 215 1943 καὶ
237 1882 282 1969 τῷ
295 1872 453 1967 χιλιάρχῳ
468 1877 676 1962 συνθέμενος
690 1881 816 1965 ἔκρυψε
828 1872 888 1944 τὸν
900 1874 1056 1947 θάνατον
1067 1874 1112 1946 ἐπὶ
1146 1865 1153 1977 ’1

157 1981 264 2066 μήνας
285 1978 383 2045 δέκα·
411 1973 449 2044 έν
473 1975 511 2044 δὲ
526 1976 656 2056 τούτοις
669 1975 731 2065 τήν
750 1974 931 2067 βασιλικήν
949 1982 1112 2068 σφραγῖδι
1150 1998 1153 2023 ²

158 2080 369 2164 διαπέμπων,
384 2080 417 2160 ἐξ
431 2072 591 2167 ὀνόματος
605 2077 798 2169 τοῦπατρὸς
811 2073 1114 2171 προσέταξενὮχοι

156 2176 382 2268 ἆναγορεύσαι
402 2181 552 2267 βασιλέα.
581 2178 671 2250 Ἐπεὶ
692 2182 729 2251 δὲ
748 2181 870 2263 πάντες
888 2178 1115 2274 ἀνηγόρευσαν

157 2283 213 2351 καὶ
244 2279 458 2371 ύπήκουσαν,
483 2281 557 2352 τότε
587 2279 780 2372 ὡμολόγησε
805 2283 865 2354 τόν
889 2283 1045 2359 θάνατον
1064 2288 1117 2357 τοῦ

158 2383 298 2474 πατρὸς,
312 2384 369 2454 καὶ
381 2381 418 2452 τὸ
434 2391 607 2471 βασίλειον
617 2388 743 2466 πένθος
754 2386 934 2476 ἐπήγγειλε
946 2388 1034 2461 κατὰ
1046 2386 1116 2471 τούς

157 2492 303 2575 Περσων
321 2484 456 2575 νόμους.

484 2663 525 2720 18.
542 2667 792 2724 ΤΙΣΑΦΕΡΝΗΣ.

125 2800 140 2851 1
241 2791 450 2879 Τισαφέρνης
470 2788 552 2878 πρὸς
565 2794 739 2915 Κλέαρχον
755 2794 851 2862 έσπεέ
836 2798 949 2881 έσατο,
971 2820 1115 2886 παρατα-

157 2890 340 2979 θισύμενος
358 2889 416 2970 τδις
437 2898 638 2971 παλακέδας·
656 2891 713 2974 τὰς
726 2891 821 2963 δέ’
779 2893 882 2987 αυτδις
895 2901 962 2985 ἔφη
976 2894 1115 3023 σπογδδς
1141 2890 1153 2944 ²⁴

159 2996 292 3063 ἐθέλειν
314 3003 486 3063 ποιεῖσθαι
503 2995 561 3062 καὶ
586 2991 668 3084 πρὸς
688 2994 766 3076 τούς
787 2994 964 3079 λοιπούς
934 2999 1112 3090 ιηγεμόνας

151 3083 303 3165 Ηκονοί
321 3096 447 3181 λοιποὶ,
467 3095 634 3184 Πρόξενος
651 3098 830 3184 Βοιύτιος,
852 3103 986 3172 Μένων
998 3110 1112 3173 Θεττα-

159 3196 226 3282 λός,
236 3195 347 3284 Ἀγίας
359 3194 486 3288 Ἀραας,
496 3197 696 3288 Σωκρύτης’
692 3201 831 3288 Αχαιός·
846 3207 984 3275 εἵποντο
992 3230 1112 3283 τούτοις
1142 3258 1153 3303 ,

158 3302 293 3388 λοχαγοὶ
304 3311 420 3386 εἴκοσι,
429 3321 625 3389 στρατιωτιιι
634 3303 808 3374 διακοσιοι
825 3302 1153 3398 Τισαφέρνηςυοδς,

158 3401 221 3489 μὲν
244 3402 449 3529 στρατηγούς
468 3403 571 3493 δήσας
591 3403 783 3494 ἔπεμψεν
759 3435 803 3489 ως
815 3412 972 3497 βασιλέα,
990 3407 1069 3493 τούς
1040 3312 1153 3519 *6262

157 3501 239 3573 αλλο
245 3532 284 3584 νς
301 3502 402 3586 αύτδς
414 3502 589 3578 ιἰπέκτεινε
602 3507 738 3589 πάντας.

1141 3524 1148 3583 λ

1144 3590 1153 3795 ἰ
