<?xml version="1.0" encoding="UTF-8"?>
<!DOCTYPE html PUBLIC "-//W3C//DTD XHTML 1.0 Transitional//EN"
    "http://www.w3.org/TR/xhtml1/DTD/xhtml1-transitional.dtd">
<html xmlns="http://www.w3.org/1999/xhtml" xml:lang="en" lang="en">
 <head>
  <title>
</title>
<meta http-equiv="Content-Type" content="text/html;charset=utf-8" />
  <meta name='ocr-system' content='tesseract 3.04.00' />
  <meta name='ocr-capabilities' content='ocr_page ocr_carea ocr_par ocr_line ocrx_word'/>
</head>
<body>
  <div class='ocr_page' id='page_1' title='image "./polyaenistrateg00polygoog_0152.png"; bbox 0 0 2318 3892; ppageno 0'>
   <div class='ocr_carea' id='block_1_1' title="bbox 437 95 1119 178">
    <p class='ocr_par' dir='ltr' id='par_1_1' title="bbox 437 95 1119 178">
     <span class='ocr_line' id='line_1_1' title="bbox 437 95 1119 178; baseline 0.012 -7"><span class='ocrx_word' id='word_1_1' title='bbox 437 110 668 174; x_wconf 66' lang='grc' dir='ltr'><em>κύκνειον.</em></span> <span class='ocrx_word' id='word_1_2' title='bbox 992 117 1032 178; x_wconf 86' lang='lat'><em>63</em></span> <span class='ocrx_word' id='word_1_3' title='bbox 1116 95 1119 102; x_wconf 85' lang='lat'>&#39;</span> 
     </span>
    </p>
   </div>
   <div class='ocr_carea' id='block_1_2' title="bbox 8 278 1140 3559">
    <p class='ocr_par' dir='ltr' id='par_1_2' title="bbox 8 278 1140 3559">
     <span class='ocr_line' id='line_1_2' title="bbox 12 278 1034 378; baseline 0.005 -25"><span class='ocrx_word' id='word_1_4' title='bbox 12 280 160 376; x_wconf 55' lang='grc' dir='ltr'><em>ἑορέα</em></span> <span class='ocrx_word' id='word_1_5' title='bbox 172 287 234 353; x_wconf 84' lang='grc' dir='ltr'><em>τού</em></span> <span class='ocrx_word' id='word_1_6' title='bbox 242 278 444 372; x_wconf 86' lang='grc' dir='ltr'><em>Ἡρακλέους</em></span> <span class='ocrx_word' id='word_1_7' title='bbox 458 283 560 354; x_wconf 85' lang='grc' dir='ltr'><em>πάλαι</em></span> <span class='ocrx_word' id='word_1_8' title='bbox 574 291 882 374; x_wconf 90' lang='grc' dir='ltr'><em>προσυγκείμενον,</em></span> <span class='ocrx_word' id='word_1_9' title='bbox 898 284 1034 378; x_wconf 75' lang='grc' dir='ltr'><em>τὸνμὲν</em></span> 
     </span>
     <span class='ocr_line' id='line_1_3' title="bbox 36 383 1032 476; baseline 0.01 -25"><span class='ocrx_word' id='word_1_10' title='bbox 36 388 156 460; x_wconf 79' lang='grc' dir='ltr'><em>νεών</em></span> <span class='ocrx_word' id='word_1_11' title='bbox 178 386 314 474; x_wconf 91' lang='grc' dir='ltr'><em>νύκτωρ</em></span> <span class='ocrx_word' id='word_1_12' title='bbox 328 383 471 472; x_wconf 81' lang='grc' dir='ltr'><em>άνοῖξαι,</em></span> <span class='ocrx_word' id='word_1_13' title='bbox 495 383 536 455; x_wconf 87' lang='grc' dir='ltr'><em>τά</em></span> <span class='ocrx_word' id='word_1_14' title='bbox 558 387 596 456; x_wconf 70' lang='grc' dir='ltr'><em>δέ</em></span> <span class='ocrx_word' id='word_1_15' title='bbox 610 385 813 476; x_wconf 78' lang='grc' dir='ltr'><em>ἀνακείμενα</em></span> <span class='ocrx_word' id='word_1_16' title='bbox 827 386 913 460; x_wconf 83' lang='grc' dir='ltr'><em>ὅπλα</em></span> <span class='ocrx_word' id='word_1_17' title='bbox 928 402 1032 461; x_wconf 89' lang='grc' dir='ltr'><em>καθε-</em></span> 
     </span>
     <span class='ocr_line' id='line_1_4' title="bbox 12 486 1033 585; baseline -0.002 -20"><span class='ocrx_word' id='word_1_18' title='bbox 12 493 137 565; x_wconf 69' lang='grc' dir='ltr'><em>τιίεῖν</em></span> <span class='ocrx_word' id='word_1_19' title='bbox 153 491 209 560; x_wconf 75' lang='grc' dir='ltr'><em>καὶ</em></span> <span class='ocrx_word' id='word_1_20' title='bbox 223 486 460 576; x_wconf 85' lang='grc' dir='ltr'><em>άποσμήξαυτα</em></span> <span class='ocrx_word' id='word_1_21' title='bbox 473 501 677 577; x_wconf 90' lang='grc' dir='ltr'><em>παραθεῖναι</em></span> <span class='ocrx_word' id='word_1_22' title='bbox 690 495 738 585; x_wconf 74' lang='grc' dir='ltr'><em>τῷ</em></span> <span class='ocrx_word' id='word_1_23' title='bbox 751 496 824 584; x_wconf 73' lang='grc' dir='ltr'><em>θεῷ</em></span> <span class='ocrx_word' id='word_1_24' title='bbox 832 511 839 526; x_wconf 93' lang='grc'><em>·</em></span> <span class='ocrx_word' id='word_1_25' title='bbox 860 494 917 562; x_wconf 82' lang='grc' dir='ltr'><em>καὶ</em></span> <span class='ocrx_word' id='word_1_26' title='bbox 930 490 1033 564; x_wconf 89' lang='grc' dir='ltr'><em>αύτόυ</em></span> 
     </span>
     <span class='ocr_line' id='line_1_5' title="bbox 12 587 1029 683; baseline 0.01 -27"><span class='ocrx_word' id='word_1_27' title='bbox 12 612 92 668; x_wconf 53' lang='grc' dir='ltr'><em>,με</em></span> <span class='ocrx_word' id='word_1_28' title='bbox 108 595 173 664; x_wconf 77' lang='grc' dir='ltr'><em>καὶ</em></span> <span class='ocrx_word' id='word_1_29' title='bbox 191 590 270 670; x_wconf 86' lang='grc' dir='ltr'><em>τούς</em></span> <span class='ocrx_word' id='word_1_30' title='bbox 287 588 360 679; x_wconf 93' lang='grc' dir='ltr'><em>μετ’</em></span> <span class='ocrx_word' id='word_1_31' title='bbox 386 587 491 660; x_wconf 82' lang='grc' dir='ltr'><em>αὐτοῦ</em></span> <span class='ocrx_word' id='word_1_32' title='bbox 504 590 664 681; x_wconf 83' lang='grc' dir='ltr'><em>ζακόρους</em></span> <span class='ocrx_word' id='word_1_33' title='bbox 684 596 721 663; x_wconf 84' lang='grc' dir='ltr'><em>ἐκ</em></span> <span class='ocrx_word' id='word_1_34' title='bbox 736 598 852 662; x_wconf 83' lang='grc' dir='ltr'><em>ποδών</em></span> <span class='ocrx_word' id='word_1_35' title='bbox 865 605 1029 683; x_wconf 74' lang='grc' dir='ltr'><em>οἴχεσθαι,</em></span> 
     </span>
     <span class='ocr_line' id='line_1_6' title="bbox 12 690 1032 824; baseline 0 -57"><span class='ocrx_word' id='word_1_36' title='bbox 12 696 188 824; x_wconf 60' lang='grc' dir='ltr'><em>ξμηδενῖ</em></span> <span class='ocrx_word' id='word_1_37' title='bbox 201 694 308 784; x_wconf 70' lang='grc' dir='ltr'><em>μηδὲν</em></span> <span class='ocrx_word' id='word_1_38' title='bbox 322 690 599 780; x_wconf 87' lang='grc' dir='ltr'><em>άπαγγείλαντας.</em></span> <span class='ocrx_word' id='word_1_39' title='bbox 621 691 712 764; x_wconf 80' lang='grc' dir='ltr'><em>Ἐπεὶ</em></span> <span class='ocrx_word' id='word_1_40' title='bbox 725 696 763 765; x_wconf 74' lang='grc' dir='ltr'><em>δὲ</em></span> <span class='ocrx_word' id='word_1_41' title='bbox 777 701 812 765; x_wconf 90' lang='grc' dir='ltr'><em>οί</em></span> <span class='ocrx_word' id='word_1_42' title='bbox 777 703 1032 786; x_wconf 81' lang='grc' dir='ltr'><em>οοτρατιώται,</em></span> 
     </span>
     <span class='ocr_line' id='line_1_7' title="bbox 12 793 1033 891; baseline 0.002 -24"><span class='ocrx_word' id='word_1_43' title='bbox 12 799 130 891; x_wconf 57' lang='grc' dir='ltr'><em>ςβύν</em></span> <span class='ocrx_word' id='word_1_44' title='bbox 154 793 314 885; x_wconf 79' lang='grc' dir='ltr'><em>ἡγεμόσιν</em></span> <span class='ocrx_word' id='word_1_45' title='bbox 336 793 415 875; x_wconf 87' lang='grc' dir='ltr'><em>ές</em></span> <span class='ocrx_word' id='word_1_46' title='bbox 382 823 420 865; x_wconf 96' lang='grc' dir='ltr'><em>το</em></span> <span class='ocrx_word' id='word_1_47' title='bbox 434 794 526 885; x_wconf 87' lang='grc' dir='ltr'><em>ίερόν</em></span> <span class='ocrx_word' id='word_1_48' title='bbox 546 795 721 883; x_wconf 89' lang='grc' dir='ltr'><em>ἐλθόντες,</em></span> <span class='ocrx_word' id='word_1_49' title='bbox 746 797 888 868; x_wconf 87' lang='grc' dir='ltr'><em>είδον</em></span> <span class='ocrx_word' id='word_1_50' title='bbox 851 826 910 879; x_wconf 90' lang='grc' dir='ltr'><em>τας</em></span> <span class='ocrx_word' id='word_1_51' title='bbox 922 799 1033 889; x_wconf 94' lang='grc' dir='ltr'><em>θύρας</em></span> 
     </span>
     <span class='ocr_line' id='line_1_8' title="bbox 11 895 1042 1024; baseline 0.002 -54"><span class='ocrx_word' id='word_1_52' title='bbox 11 897 298 1024; x_wconf 61' lang='grc' dir='ltr'><em>μᾶνεφγμέηας,</em></span> <span class='ocrx_word' id='word_1_53' title='bbox 316 895 456 1023; x_wconf 85' lang='grc' dir='ltr'><em>ούδεηός</em></span> <span class='ocrx_word' id='word_1_54' title='bbox 473 902 542 967; x_wconf 82' lang='grc' dir='ltr'><em>τών</em></span> <span class='ocrx_word' id='word_1_55' title='bbox 559 897 709 988; x_wconf 81' lang='grc' dir='ltr'><em>ζακόρων</em></span> <span class='ocrx_word' id='word_1_56' title='bbox 729 901 954 990; x_wconf 91' lang='grc' dir='ltr'><em>παρόντος,ε</em></span> <span class='ocrx_word' id='word_1_57' title='bbox 939 903 1042 972; x_wconf 80' lang='grc' dir='ltr'><em>εἶδονΙ</em></span> 
     </span>
     <span class='ocr_line' id='line_1_9' title="bbox 11 997 1032 1109; baseline 0.001 -34"><span class='ocrx_word' id='word_1_58' title='bbox 11 1005 102 1109; x_wconf 61' lang='lat'><em>,66</em></span> <span class='ocrx_word' id='word_1_59' title='bbox 129 1000 240 1071; x_wconf 78' lang='grc' dir='ltr'><em>καί</em></span> <span class='ocrx_word' id='word_1_60' title='bbox 204 1029 244 1071; x_wconf 97' lang='grc' dir='ltr'><em>τα</em></span> <span class='ocrx_word' id='word_1_61' title='bbox 266 997 353 1072; x_wconf 86' lang='grc' dir='ltr'><em>ότιλα</em></span> <span class='ocrx_word' id='word_1_62' title='bbox 375 999 415 1070; x_wconf 85' lang='grc' dir='ltr'><em>τά</em></span> <span class='ocrx_word' id='word_1_63' title='bbox 434 999 560 1070; x_wconf 83' lang='grc' dir='ltr'><em>παλαιά</em></span> <span class='ocrx_word' id='word_1_64' title='bbox 579 1001 767 1092; x_wconf 87' lang='grc' dir='ltr'><em>νεόσμηκτα</em></span> <span class='ocrx_word' id='word_1_65' title='bbox 788 1005 845 1073; x_wconf 80' lang='grc' dir='ltr'><em>καὶ</em></span> <span class='ocrx_word' id='word_1_66' title='bbox 859 1004 1032 1092; x_wconf 78' lang='grc' dir='ltr'><em>λάμποντα</em></span> 
     </span>
     <span class='ocr_line' id='line_1_10' title="bbox 11 1101 1032 1208; baseline 0.001 -31"><span class='ocrx_word' id='word_1_67' title='bbox 11 1111 261 1198; x_wconf 61' lang='grc' dir='ltr'><em>ῥέμπροσθεν</em></span> <span class='ocrx_word' id='word_1_68' title='bbox 273 1131 334 1173; x_wconf 91' lang='grc' dir='ltr'><em>τον</em></span> <span class='ocrx_word' id='word_1_69' title='bbox 320 1109 438 1189; x_wconf 89' lang='grc' dir='ltr'><em>θεον,</em></span> <span class='ocrx_word' id='word_1_70' title='bbox 452 1101 682 1194; x_wconf 82' lang='grc' dir='ltr'><em>ήλάλαξανκαλ</em></span> <span class='ocrx_word' id='word_1_71' title='bbox 693 1111 870 1208; x_wconf 81' lang='grc' dir='ltr'><em>δαιμονίου</em></span> <span class='ocrx_word' id='word_1_72' title='bbox 879 1108 1032 1197; x_wconf 88' lang='grc' dir='ltr'><em>θάρσους</em></span> 
     </span>
     <span class='ocr_line' id='line_1_11' title="bbox 11 1196 1033 1302; baseline 0 -23"><span class='ocrx_word' id='word_1_73' title='bbox 11 1207 340 1299; x_wconf 71' lang='grc' dir='ltr'><em>ηένεπλήσθησαν,</em></span> <span class='ocrx_word' id='word_1_74' title='bbox 369 1203 481 1295; x_wconf 74' lang='grc' dir='ltr'><em>ὥσπερ</em></span> <span class='ocrx_word' id='word_1_75' title='bbox 506 1205 567 1276; x_wconf 86' lang='grc' dir='ltr'><em>τόν</em></span> <span class='ocrx_word' id='word_1_76' title='bbox 580 1196 744 1296; x_wconf 82' lang='grc' dir='ltr'><em>Ἡρακλέα</em></span> <span class='ocrx_word' id='word_1_77' title='bbox 771 1208 958 1298; x_wconf 87' lang='grc' dir='ltr'><em>στρατηγόν</em></span> <span class='ocrx_word' id='word_1_78' title='bbox 976 1216 1033 1302; x_wconf 76' lang='grc' dir='ltr'><em>τῆς</em></span> 
     </span>
     <span class='ocr_line' id='line_1_12' title="bbox 11 1305 1028 1403; baseline 0.005 -25"><span class='ocrx_word' id='word_1_79' title='bbox 11 1312 170 1403; x_wconf 75' lang='grc' dir='ltr'><em>μάχης</em></span> <span class='ocrx_word' id='word_1_80' title='bbox 185 1316 325 1398; x_wconf 78' lang='grc' dir='ltr'><em>ἔχοντες.</em></span> <span class='ocrx_word' id='word_1_81' title='bbox 355 1305 453 1378; x_wconf 82' lang='grc' dir='ltr'><em>Ούτω</em></span> <span class='ocrx_word' id='word_1_82' title='bbox 470 1306 512 1398; x_wconf 80' lang='grc' dir='ltr'><em>δή</em></span> <span class='ocrx_word' id='word_1_83' title='bbox 525 1313 652 1398; x_wconf 80' lang='grc' dir='ltr'><em>συνέβη</em></span> <span class='ocrx_word' id='word_1_84' title='bbox 663 1325 732 1392; x_wconf 89' lang='grc' dir='ltr'><em>τοῖς</em></span> <span class='ocrx_word' id='word_1_85' title='bbox 744 1312 934 1401; x_wconf 87' lang='grc' dir='ltr'><em>θαρσήσασι</em></span> <span class='ocrx_word' id='word_1_86' title='bbox 947 1341 1028 1402; x_wconf 92' lang='grc' dir='ltr'><em>κρα-</em></span> 
     </span>
     <span class='ocr_line' id='line_1_13' title="bbox 11 1417 555 1508; baseline -0.006 -23"><span class='ocrx_word' id='word_1_87' title='bbox 11 1422 161 1508; x_wconf 75' lang='grc' dir='ltr'><em>,τῆσαι</em></span> <span class='ocrx_word' id='word_1_88' title='bbox 175 1417 243 1483; x_wconf 84' lang='grc' dir='ltr'><em>τών</em></span> <span class='ocrx_word' id='word_1_89' title='bbox 255 1418 555 1501; x_wconf 88' lang='grc' dir='ltr'><em>τετρακισμυρίων.</em></span> 
     </span>
     <span class='ocr_line' id='line_1_14' title="bbox 11 1513 1064 1609; baseline 0.001 -24"><span class='ocrx_word' id='word_1_90' title='bbox 11 1596 16 1609; x_wconf 90' lang='lat'>.</span> <span class='ocrx_word' id='word_1_91' title='bbox 61 1526 68 1533; x_wconf 88' lang='lat'>&#39;</span> <span class='ocrx_word' id='word_1_92' title='bbox 139 1513 392 1605; x_wconf 73' lang='grc' dir='ltr'><em>Ἐπαμινώνδας</em></span> <span class='ocrx_word' id='word_1_93' title='bbox 405 1515 612 1604; x_wconf 88' lang='grc' dir='ltr'><em>βουλόμενος</em></span> <span class='ocrx_word' id='word_1_94' title='bbox 625 1516 784 1603; x_wconf 76' lang='grc' dir='ltr'><em>ἐμβαλεῖν</em></span> <span class='ocrx_word' id='word_1_95' title='bbox 799 1521 847 1595; x_wconf 88' lang='grc' dir='ltr'><em>είς</em></span> <span class='ocrx_word' id='word_1_96' title='bbox 860 1523 1027 1586; x_wconf 84' lang='grc' dir='ltr'><em>Λακεδαί-</em></span> <span class='ocrx_word' id='word_1_97' title='bbox 1047 1547 1064 1599; x_wconf 84' lang='lat'><strong>9</strong></span> 
     </span>
     <span class='ocr_line' id='line_1_15' title="bbox 10 1615 1029 1712; baseline -0.001 -23"><span class='ocrx_word' id='word_1_98' title='bbox 10 1672 16 1697; x_wconf 71' lang='grc'><em>,</em></span> <span class='ocrx_word' id='word_1_99' title='bbox 22 1643 171 1711; x_wconf 78' lang='grc' dir='ltr'><em>μονα,</em></span> <span class='ocrx_word' id='word_1_100' title='bbox 191 1616 308 1707; x_wconf 81' lang='grc' dir='ltr'><em>ἐπειδή</em></span> <span class='ocrx_word' id='word_1_101' title='bbox 325 1615 363 1712; x_wconf 82' lang='grc' dir='ltr'><em>τό</em></span> <span class='ocrx_word' id='word_1_102' title='bbox 376 1615 514 1686; x_wconf 72' lang='grc' dir='ltr'><em>’Όνειον</em></span> <span class='ocrx_word' id='word_1_103' title='bbox 533 1631 664 1704; x_wconf 84' lang='grc' dir='ltr'><em>κατεῖχε</em></span> <span class='ocrx_word' id='word_1_104' title='bbox 687 1616 823 1706; x_wconf 82' lang='grc' dir='ltr'><em>φυλακή</em></span> <span class='ocrx_word' id='word_1_105' title='bbox 837 1618 1029 1708; x_wconf 83' lang='grc' dir='ltr'><em>Λακωνική,</em></span> 
     </span>
     <span class='ocr_line' id='line_1_16' title="bbox 25 1716 1029 1810; baseline -0.007 -15"><span class='ocrx_word' id='word_1_106' title='bbox 25 1720 297 1810; x_wconf 76' lang='grc' dir='ltr'><em>ἐνδειξάμενος</em></span> <span class='ocrx_word' id='word_1_107' title='bbox 318 1716 361 1800; x_wconf 83' lang='grc' dir='ltr'><em>ώς</em></span> <span class='ocrx_word' id='word_1_108' title='bbox 381 1722 514 1809; x_wconf 80' lang='grc' dir='ltr'><em>μέλλων</em></span> <span class='ocrx_word' id='word_1_109' title='bbox 534 1716 657 1799; x_wconf 87' lang='grc' dir='ltr'><em>νυκτός</em></span> <span class='ocrx_word' id='word_1_110' title='bbox 675 1719 851 1808; x_wconf 77' lang='grc' dir='ltr'><em>παριέναι,</em></span> <span class='ocrx_word' id='word_1_111' title='bbox 874 1719 911 1790; x_wconf 88' lang='grc' dir='ltr'><em>τό</em></span> <span class='ocrx_word' id='word_1_112' title='bbox 930 1721 1029 1810; x_wconf 86' lang='grc' dir='ltr'><em>στρύ-</em></span> 
     </span>
     <span class='ocr_line' id='line_1_17' title="bbox 24 1817 1140 1917; baseline -0.006 -20"><span class='ocrx_word' id='word_1_113' title='bbox 24 1852 171 1913; x_wconf 82' lang='grc' dir='ltr'><em>τευμα</em></span> <span class='ocrx_word' id='word_1_114' title='bbox 188 1829 420 1912; x_wconf 87' lang='grc' dir='ltr'><em>κατεκοίμισεν</em></span> <span class='ocrx_word' id='word_1_115' title='bbox 437 1819 497 1892; x_wconf 78' lang='grc' dir='ltr'><em>ὑπ’</em></span> <span class='ocrx_word' id='word_1_116' title='bbox 518 1819 609 1917; x_wconf 72' lang='grc' dir='ltr'><em>αύτῷ</em></span> <span class='ocrx_word' id='word_1_117' title='bbox 627 1825 674 1914; x_wconf 75' lang='grc' dir='ltr'><em>τῷ</em></span> <span class='ocrx_word' id='word_1_118' title='bbox 689 1817 817 1914; x_wconf 86' lang='grc' dir='ltr'><em>Ὀνείφ.</em></span> <span class='ocrx_word' id='word_1_119' title='bbox 856 1828 902 1893; x_wconf 87' lang='grc' dir='ltr'><em>Οί</em></span> <span class='ocrx_word' id='word_1_120' title='bbox 916 1825 954 1894; x_wconf 71' lang='grc' dir='ltr'><em>δέ</em></span> <span class='ocrx_word' id='word_1_121' title='bbox 968 1823 1031 1914; x_wconf 84' lang='grc' dir='ltr'><em>τήν</em></span> <span class='ocrx_word' id='word_1_122' title='bbox 1119 1870 1140 1890; x_wconf 89' lang='grc'><strong><em>.</em></strong></span> 
     </span>
     <span class='ocr_line' id='line_1_18' title="bbox 10 1920 1031 2016; baseline 0.001 -19"><span class='ocrx_word' id='word_1_123' title='bbox 10 1929 215 2016; x_wconf 77' lang='grc' dir='ltr'><em>,πάροδον</em></span> <span class='ocrx_word' id='word_1_124' title='bbox 233 1931 463 2016; x_wconf 81' lang='grc' dir='ltr'><em>φρουροῦντες</em></span> <span class='ocrx_word' id='word_1_125' title='bbox 482 1928 603 2006; x_wconf 90' lang='grc' dir='ltr'><em>ἐντοῖς</em></span> <span class='ocrx_word' id='word_1_126' title='bbox 622 1920 737 2005; x_wconf 77' lang='grc' dir='ltr'><em>ὅπλοις</em></span> <span class='ocrx_word' id='word_1_127' title='bbox 752 1923 814 2015; x_wconf 83' lang='grc' dir='ltr'><em>τήν</em></span> <span class='ocrx_word' id='word_1_128' title='bbox 827 1925 934 1996; x_wconf 93' lang='grc' dir='ltr'><em>νύκτα</em></span> <span class='ocrx_word' id='word_1_129' title='bbox 948 1924 1031 2016; x_wconf 84' lang='grc' dir='ltr'><em>όλην</em></span> 
     </span>
     <span class='ocr_line' id='line_1_19' title="bbox 25 2023 1029 2120; baseline -0.002 -18"><span class='ocrx_word' id='word_1_130' title='bbox 25 2031 341 2120; x_wconf 79' lang='grc' dir='ltr'><em>ἐταλαιπωρησαν</em></span> <span class='ocrx_word' id='word_1_131' title='bbox 350 2028 577 2120; x_wconf 90' lang='grc' dir='ltr'><em>ἐγρηγοροτες</em></span> <span class='ocrx_word' id='word_1_132' title='bbox 601 2024 691 2098; x_wconf 78' lang='grc' dir='ltr'><em>Επεὶ</em></span> <span class='ocrx_word' id='word_1_133' title='bbox 703 2027 740 2098; x_wconf 70' lang='grc' dir='ltr'><em>δὲ</em></span> <span class='ocrx_word' id='word_1_134' title='bbox 750 2023 1029 2119; x_wconf 81' lang='grc' dir='ltr'><em>υπέλαμψενεως,</em></span> 
     </span>
     <span class='ocr_line' id='line_1_20' title="bbox 10 2128 1031 2225; baseline -0.003 -19"><span class='ocrx_word' id='word_1_135' title='bbox 10 2132 252 2225; x_wconf 55' lang='grc' dir='ltr'><em>,ἀναστήσας</em></span> <span class='ocrx_word' id='word_1_136' title='bbox 265 2160 302 2202; x_wconf 97' lang='grc' dir='ltr'><em>το</em></span> <span class='ocrx_word' id='word_1_137' title='bbox 288 2131 542 2222; x_wconf 89' lang='grc' dir='ltr'><em>στρατόπεδον</em></span> <span class='ocrx_word' id='word_1_138' title='bbox 549 2128 798 2220; x_wconf 75' lang='grc' dir='ltr'><em>Ἐπαμινώνδας</em></span> <span class='ocrx_word' id='word_1_139' title='bbox 812 2134 952 2203; x_wconf 87' lang='grc' dir='ltr'><em>ἐπέθετο</em></span> <span class='ocrx_word' id='word_1_140' title='bbox 961 2149 1031 2214; x_wconf 88' lang='grc' dir='ltr'><em>τοῖς</em></span> 
     </span>
     <span class='ocr_line' id='line_1_21' title="bbox 17 2231 1031 2363; baseline -0.001 -56.983"><span class='ocrx_word' id='word_1_141' title='bbox 17 2237 213 2363; x_wconf 69' lang='grc' dir='ltr'><em>φύλαξιν</em></span> <span class='ocrx_word' id='word_1_142' title='bbox 240 2231 323 2314; x_wconf 74' lang='grc' dir='ltr'><em>ές”</em></span> <span class='ocrx_word' id='word_1_143' title='bbox 299 2263 411 2306; x_wconf 88' lang='grc' dir='ltr'><em>υπνον</em></span> <span class='ocrx_word' id='word_1_144' title='bbox 427 2236 683 2324; x_wconf 80' lang='grc' dir='ltr'><em>τετραμμένοις,</em></span> <span class='ocrx_word' id='word_1_145' title='bbox 711 2233 769 2304; x_wconf 79' lang='grc' dir='ltr'><em>καὶ</em></span> <span class='ocrx_word' id='word_1_146' title='bbox 785 2234 1031 2325; x_wconf 83' lang='grc' dir='ltr'><em>χειρωσάμενος</em></span> 
     </span>
     <span class='ocr_line' id='line_1_22' title="bbox 35 2336 540 2428; baseline -0.006 -19"><span class='ocrx_word' id='word_1_147' title='bbox 35 2336 190 2417; x_wconf 76' lang='grc' dir='ltr'><em>αὐτούς</em></span> <span class='ocrx_word' id='word_1_148' title='bbox 210 2340 336 2428; x_wconf 80' lang='grc' dir='ltr'><em>ρμδίως</em></span> <span class='ocrx_word' id='word_1_149' title='bbox 353 2342 540 2426; x_wconf 80' lang='grc' dir='ltr'><em>παρῆλθεν.</em></span> 
     </span>
     <span class='ocr_line' id='line_1_23' title="bbox 139 2434 1081 2527; baseline 0.001 -20.007"><span class='ocrx_word' id='word_1_150' title='bbox 139 2435 392 2527; x_wconf 87' lang='grc' dir='ltr'><em>Ἐπαμινώνδας</em></span> <span class='ocrx_word' id='word_1_151' title='bbox 418 2441 613 2527; x_wconf 75' lang='grc' dir='ltr'><em>ἐπεχείρησε</em></span> <span class='ocrx_word' id='word_1_152' title='bbox 634 2434 757 2517; x_wconf 90' lang='grc' dir='ltr'><em>νυκτός</em></span> <span class='ocrx_word' id='word_1_153' title='bbox 778 2438 1030 2525; x_wconf 86' lang='grc' dir='ltr'><em>καταλαβέσθαι</em></span> <span class='ocrx_word' id='word_1_154' title='bbox 1047 2467 1081 2519; x_wconf 87' lang='lat'><em>10</em></span> 
     </span>
     <span class='ocr_line' id='line_1_24' title="bbox 9 2529 1028 2632; baseline -0.002 -20"><span class='ocrx_word' id='word_1_155' title='bbox 9 2610 11 2627; x_wconf 30' lang='grc' dir='ltr'><strong>ἶ</strong></span> <span class='ocrx_word' id='word_1_156' title='bbox 44 2541 151 2632; x_wconf 84' lang='grc' dir='ltr'><em>[τήν]</em></span> <span class='ocrx_word' id='word_1_157' title='bbox 168 2545 447 2630; x_wconf 88' lang='grc' dir='ltr'><em>Λακεδαιμονίων</em></span> <span class='ocrx_word' id='word_1_158' title='bbox 464 2538 580 2626; x_wconf 87' lang='grc' dir='ltr'><em>πόλιν,</em></span> <span class='ocrx_word' id='word_1_159' title='bbox 600 2538 728 2629; x_wconf 77' lang='grc' dir='ltr'><em>ἐρήμην</em></span> <span class='ocrx_word' id='word_1_160' title='bbox 745 2529 852 2610; x_wconf 76' lang='grc' dir='ltr'><em>οὖσαν</em></span> <span class='ocrx_word' id='word_1_161' title='bbox 872 2545 1028 2613; x_wconf 75' lang='grc' dir='ltr'><em>πολιτῶν.</em></span> 
     </span>
     <span class='ocr_line' id='line_1_25' title="bbox 29 2637 1029 2734; baseline -0.001 -19"><span class='ocrx_word' id='word_1_162' title='bbox 29 2639 256 2734; x_wconf 83' lang='grc' dir='ltr'><em>Ἀγησίλαος</em></span> <span class='ocrx_word' id='word_1_163' title='bbox 280 2641 343 2734; x_wconf 84' lang='grc' dir='ltr'><em>τήν</em></span> <span class='ocrx_word' id='word_1_164' title='bbox 370 2647 529 2713; x_wconf 79' lang='grc' dir='ltr'><em>ἐπίθεσιν</em></span> <span class='ocrx_word' id='word_1_165' title='bbox 559 2639 640 2734; x_wconf 81' lang='grc' dir='ltr'><em>παρ’</em></span> <span class='ocrx_word' id='word_1_166' title='bbox 675 2637 871 2730; x_wconf 87' lang='grc' dir='ltr'><em>αύτομόλων</em></span> <span class='ocrx_word' id='word_1_167' title='bbox 896 2641 1029 2732; x_wconf 82' lang='grc' dir='ltr'><em>μαθών,</em></span> 
     </span>
     <span class='ocr_line' id='line_1_26' title="bbox 9 2742 1031 2838; baseline -0.002 -19"><span class='ocrx_word' id='word_1_168' title='bbox 9 2800 11 2807; x_wconf 87' lang='grc'>-</span> <span class='ocrx_word' id='word_1_169' title='bbox 55 2748 239 2838; x_wconf 79' lang='grc' dir='ltr'><em>συντόμως</em></span> <span class='ocrx_word' id='word_1_170' title='bbox 252 2745 391 2837; x_wconf 82' lang='grc' dir='ltr'><em>δραμών</em></span> <span class='ocrx_word' id='word_1_171' title='bbox 402 2742 486 2836; x_wconf 83' lang='grc' dir='ltr'><em>μετά</em></span> <span class='ocrx_word' id='word_1_172' title='bbox 500 2749 559 2836; x_wconf 78' lang='grc' dir='ltr'><em>τῆς</em></span> <span class='ocrx_word' id='word_1_173' title='bbox 573 2742 678 2816; x_wconf 84' lang='grc' dir='ltr'><em>αύτοῦ</em></span> <span class='ocrx_word' id='word_1_174' title='bbox 694 2742 880 2835; x_wconf 86' lang='grc' dir='ltr'><em>δυνάμεως,</em></span> <span class='ocrx_word' id='word_1_175' title='bbox 895 2747 1031 2834; x_wconf 81' lang='grc' dir='ltr'><em>φθάσας</em></span> 
     </span>
     <span class='ocr_line' id='line_1_27' title="bbox 65 2847 1029 2941; baseline -0.001 -21"><span class='ocrx_word' id='word_1_176' title='bbox 65 2863 146 2921; x_wconf 88' lang='grc' dir='ltr'><em>εῖσω</em></span> <span class='ocrx_word' id='word_1_177' title='bbox 163 2856 220 2940; x_wconf 80' lang='grc' dir='ltr'><em>τῆς</em></span> <span class='ocrx_word' id='word_1_178' title='bbox 234 2851 362 2933; x_wconf 90' lang='grc' dir='ltr'><em>πόλεως</em></span> <span class='ocrx_word' id='word_1_179' title='bbox 376 2860 564 2941; x_wconf 76' lang='grc' dir='ltr'><em>παρελθεῖν</em></span> <span class='ocrx_word' id='word_1_180' title='bbox 576 2847 731 2938; x_wconf 87' lang='grc' dir='ltr'><em>άνέμεινε</em></span> <span class='ocrx_word' id='word_1_181' title='bbox 748 2847 827 2932; x_wconf 85' lang='grc' dir='ltr'><em>τούς</em></span> <span class='ocrx_word' id='word_1_182' title='bbox 843 2857 1029 2938; x_wconf 81' lang='grc' dir='ltr'><em>θηβαίονς·</em></span> 
     </span>
     <span class='ocr_line' id='line_1_28' title="bbox 64 2947 1030 3043; baseline -0.003 -19"><span class='ocrx_word' id='word_1_183' title='bbox 64 2959 101 3024; x_wconf 83' lang='grc' dir='ltr'><em>οἱ</em></span> <span class='ocrx_word' id='word_1_184' title='bbox 121 2953 159 3023; x_wconf 68' lang='grc' dir='ltr'><em>δὲ</em></span> <span class='ocrx_word' id='word_1_185' title='bbox 180 2953 428 3043; x_wconf 88' lang='grc' dir='ltr'><em>προσπεσόντες</em></span> <span class='ocrx_word' id='word_1_186' title='bbox 454 2951 652 3041; x_wconf 82' lang='grc' dir='ltr'><em>ἐξώσθησαν</em></span> <span class='ocrx_word' id='word_1_187' title='bbox 678 2949 761 3042; x_wconf 85' lang='grc' dir='ltr'><em>μετά</em></span> <span class='ocrx_word' id='word_1_188' title='bbox 779 2957 856 3040; x_wconf 91' lang='grc' dir='ltr'><em>βίας</em></span> <span class='ocrx_word' id='word_1_189' title='bbox 872 2947 939 3020; x_wconf 85' lang='grc' dir='ltr'><em>ύπδ</em></span> <span class='ocrx_word' id='word_1_190' title='bbox 961 2956 1030 3022; x_wconf 79' lang='grc' dir='ltr'><em>τών</em></span> 
     </span>
     <span class='ocr_line' id='line_1_29' title="bbox 64 3052 1028 3149; baseline -0.003 -22"><span class='ocrx_word' id='word_1_191' title='bbox 64 3062 355 3146; x_wconf 84' lang='grc' dir='ltr'><em>Λακεδαιμονίων.</em></span> <span class='ocrx_word' id='word_1_192' title='bbox 378 3052 436 3136; x_wconf 81' lang='grc' dir='ltr'><em>Ὡς</em></span> <span class='ocrx_word' id='word_1_193' title='bbox 450 3053 485 3126; x_wconf 87' lang='grc' dir='ltr'><em>δ’</em></span> <span class='ocrx_word' id='word_1_194' title='bbox 500 3059 539 3125; x_wconf 93' lang='grc' dir='ltr'><em>ἐν</em></span> <span class='ocrx_word' id='word_1_195' title='bbox 553 3060 680 3149; x_wconf 76' lang='grc' dir='ltr'><em>ἰσχυρῷ</em></span> <span class='ocrx_word' id='word_1_196' title='bbox 692 3054 863 3146; x_wconf 84' lang='grc' dir='ltr'><em>κινδύνφ,</em></span> <span class='ocrx_word' id='word_1_197' title='bbox 878 3079 1028 3144; x_wconf 88' lang='grc' dir='ltr'><em>ταραχω-</em></span> 
     </span>
     <span class='ocr_line' id='line_1_30' title="bbox 28 3149 1029 3248; baseline -0.006 -14"><span class='ocrx_word' id='word_1_198' title='bbox 28 3230 31 3234; x_wconf 14' lang='lat' dir='ltr'><strong>A</strong></span> <span class='ocrx_word' id='word_1_199' title='bbox 66 3168 134 3240; x_wconf 80' lang='grc' dir='ltr'><em>δώς</em></span> <span class='ocrx_word' id='word_1_200' title='bbox 154 3159 355 3248; x_wconf 84' lang='grc' dir='ltr'><em>ἐμπεσόντες</em></span> <span class='ocrx_word' id='word_1_201' title='bbox 373 3159 431 3228; x_wconf 84' lang='grc' dir='ltr'><em>καλ</em></span> <span class='ocrx_word' id='word_1_202' title='bbox 453 3155 509 3229; x_wconf 84' lang='grc' dir='ltr'><em>διά</em></span> <span class='ocrx_word' id='word_1_203' title='bbox 527 3149 648 3238; x_wconf 85' lang='grc' dir='ltr'><em>νυκτός</em></span> <span class='ocrx_word' id='word_1_204' title='bbox 661 3157 803 3246; x_wconf 85' lang='grc' dir='ltr'><em>φεύγειν</em></span> <span class='ocrx_word' id='word_1_205' title='bbox 819 3159 1029 3244; x_wconf 87' lang='grc' dir='ltr'><em>βιασθέντες,</em></span> 
     </span>
     <span class='ocr_line' id='line_1_31' title="bbox 8 3258 1030 3352; baseline -0.003 -19"><span class='ocrx_word' id='word_1_206' title='bbox 8 3273 24 3313; x_wconf 63' lang='lat'>³</span> <span class='ocrx_word' id='word_1_207' title='bbox 63 3261 234 3352; x_wconf 86' lang='grc' dir='ltr'><em>άπέβαλον</em></span> <span class='ocrx_word' id='word_1_208' title='bbox 252 3262 371 3331; x_wconf 85' lang='grc' dir='ltr'><em>πολλοὶ</em></span> <span class='ocrx_word' id='word_1_209' title='bbox 382 3259 441 3342; x_wconf 85' lang='grc' dir='ltr'><em>τάς</em></span> <span class='ocrx_word' id='word_1_210' title='bbox 451 3259 612 3345; x_wconf 89' lang='grc' dir='ltr'><em>άσπίδας,</em></span> <span class='ocrx_word' id='word_1_211' title='bbox 629 3258 880 3349; x_wconf 88' lang='grc' dir='ltr'><em>Ἐπαμινώνδας</em></span> <span class='ocrx_word' id='word_1_212' title='bbox 894 3258 980 3330; x_wconf 83' lang='grc' dir='ltr'><em>ίδώυ</em></span> <span class='ocrx_word' id='word_1_213' title='bbox 992 3260 1030 3330; x_wconf 88' lang='grc' dir='ltr'><em>τδ</em></span> 
     </span>
     <span class='ocr_line' id='line_1_32' title="bbox 63 3360 1030 3454; baseline -0.002 -19"><span class='ocrx_word' id='word_1_214' title='bbox 63 3364 219 3454; x_wconf 88' lang='grc' dir='ltr'><em>γεγονός,</em></span> <span class='ocrx_word' id='word_1_215' title='bbox 234 3361 275 3435; x_wconf 91' lang='lat'><em>06</em></span> <span class='ocrx_word' id='word_1_216' title='bbox 291 3363 496 3452; x_wconf 89' lang='grc' dir='ltr'><em>βουλόμενος</em></span> <span class='ocrx_word' id='word_1_217' title='bbox 509 3367 711 3451; x_wconf 79' lang='grc' dir='ltr'><em>ἐλεγχθῆναι</em></span> <span class='ocrx_word' id='word_1_218' title='bbox 729 3360 808 3442; x_wconf 82' lang='grc' dir='ltr'><em>τούς</em></span> <span class='ocrx_word' id='word_1_219' title='bbox 824 3360 1030 3452; x_wconf 77' lang='grc' dir='ltr'><em>ήιύάσπιδας</em></span> 
     </span>
     <span class='ocr_line' id='line_1_33' title="bbox 8 3461 1030 3559; baseline -0.004 -20"><span class='ocrx_word' id='word_1_220' title='bbox 8 3520 24 3539; x_wconf 72' lang='grc'><em>.</em></span> <span class='ocrx_word' id='word_1_221' title='bbox 63 3469 222 3559; x_wconf 80' lang='grc' dir='ltr'><em>ἐκήρυξε,</em></span> <span class='ocrx_word' id='word_1_222' title='bbox 247 3465 403 3556; x_wconf 78' lang='grc' dir='ltr'><em>“Μηδεὶς</em></span> <span class='ocrx_word' id='word_1_223' title='bbox 429 3472 498 3536; x_wconf 83' lang='grc' dir='ltr'><em>τών</em></span> <span class='ocrx_word' id='word_1_224' title='bbox 523 3462 670 3536; x_wconf 77' lang='grc' dir='ltr'><em>ὁπλιτῶν</em></span> <span class='ocrx_word' id='word_1_225' title='bbox 697 3461 797 3545; x_wconf 90' lang='grc' dir='ltr'><em>αύτδς</em></span> <span class='ocrx_word' id='word_1_226' title='bbox 817 3464 947 3553; x_wconf 83' lang='grc' dir='ltr'><em>φερέτω</em></span> <span class='ocrx_word' id='word_1_227' title='bbox 968 3463 1030 3552; x_wconf 83' lang='grc' dir='ltr'><em>τὴν</em></span> 
     </span>
    </p>
   </div>
   <div class='ocr_carea' id='block_1_3' title="bbox 0 0 1168 3892">
    <p class='ocr_par' dir='ltr' id='par_1_3' title="bbox 0 0 1168 3892">
     <span class='ocr_line' id='line_1_34' title="bbox 0 0 1168 3892; baseline 0 0"><span class='ocrx_word' id='word_1_228' title='bbox 0 0 1168 3892; x_wconf 95' lang='lat' dir='ltr'><em> </em></span> 
     </span>
    </p>
   </div>
  </div>
 </body>
</html>
