2318 3892
425 182 578 247 ΕΚΤΟΝ.
921 183 983 247 237

89 352 165 425 ’Ότι
182 351 338 451 Ἀννίβας
357 359 435 445 περὶ
448 356 585 437 Κάννας
605 355 751 443 διάγων,
771 361 841 426 τῶν
856 362 984 426 πεδίων
1001 378 1019 430 4

41 457 196 548 φάμμων
222 456 347 546 ὄντων,
381 457 465 528 κατά
493 459 604 529 νύτου
629 457 689 528 τδν
716 456 843 546 άνεμον
869 457 985 548 λαβύν

41 560 194 650 ροήγαγε
207 560 269 649 την
283 562 449 650 φάλαγγα.
488 567 534 631 OC
544 557 695 650 Ῥωμαῖοι
715 559 777 650 τὴν
798 560 909 650 άμμον
926 565 984 648 ἐμ-

41 671 215 735 ίιττουσαυ
240 680 309 745 τοῖς
336 662 525 752 ὀφθαλμοῖς
551 662 593 733 ού
613 667 776 753 φέροντες
798 670 845 744 είς
871 662 986 751 φυγὴν

41 767 213 857 τράποντο.

90 864 165 937 Ὅτι
184 865 339 956 Ἀννίβας
358 873 396 938 ἐν
415 873 456 959 τῇ
471 872 667 957 Καμπανῶν
684 864 863 956 Ῥωμαίους
886 894 983 937 κατε·
1003 885 1019 937 5

41 971 251 1061 τρατήγησεν
268 972 374 1065 τούτῳ
388 976 434 1064 τῷ
454 972 575 1064 τρόπω.
603 976 775 1058 Χειμάυος
788 967 884 1053 ὄντος
899 996 986 1059 παρ·

41 1081 179 1163 νηιειλεν
191 1070 360 1161 Ἀννίβας,
371 1071 475 1143 “grav
488 1074 619 1162 σημάνη
633 1072 670 1144 τό
685 1070 885 1162 πολεμικὸν,
901 1085 985 1143 καθ-

41 1175 158 1247 ύδοτε·
181 1172 263 1245 ὅταν
286 1175 323 1244 τὸ
344 1174 586 1265 άυαιιλητιιιὸυ,
616 1179 700 1258 ἔξιτε
719 1173 805 1263 άμφὶ
823 1180 986 1264 δευτέραν

41 1275 211 1367 ωλααήυ.”
247 1275 409 1366 Ἐσήμανε
429 1278 467 1348 τὸ
489 1277 687 1367 πολεμικόν·
711 1276 864 1366 Ῥωμαῖοι
882 1305 985 1348 κατα·
1100 1323 1107 1329 -

41 1383 207 1468 ελανίντες
220 1383 257 1449 ἐν
277 1397 346 1461 τοῖς
369 1378 483 1461 ὅπλοις
503 1374 598 1471 ἦσαν.
632 1381 800 1468 Πάμπολυ
821 1379 987 1451 διαλιποδν

41 1491 177 1570 λννίβας
199 1481 236 1552 τὸ
257 1481 483 1571 ἀνακλητικὸν
503 1485 664 1572 ἐσήμανε·
692 1481 843 1571 Ῥωμαῖοι
870 1492 985 1552 ταλαι-

41 1585 239 1674 τωρήσαντες
255 1591 302 1678 τῷ
322 1591 461 1673 χειμῶνι
481 1589 537 1655 καὶ
551 1593 591 1675 τῇ
610 1583 782 1676 άγρυπνίᾳ
796 1583 986 1673 ἀπαγορεύ-

41 1708 142 1767 Ιἀντες
155 1689 411 1777 κατηνέχθησαν
425 1695 472 1769 είς
490 1686 610 1759 ὕπνον.
645 1685 800 1775 Ἀννίβας
818 1686 987 1757 ἐπιπεσωυ

41 1789 151 1869 ιάυτας
167 1791 375 1878 διέφθειρεν.

41 1980 44 1986 .
88 1889 162 1961 Ὅτι
180 1889 332 1980 Ἀννίβας
352 1892 428 1980 περὶ
449 1900 649 1976 Κασιλῖνον,
674 1888 796 1973 νυκτὸς
814 1895 985 1979 χειμερίου
1003 1908 1020 1963 6

41 1996 223 2083 ανομίνης,
246 1993 369 2065 διελών
385 2000 432 2074 είς
445 1997 527 2082 μίρη
548 1993 738 2083 προσήγαγε
751 1991 814 2083 τὴν
828 1993 986 2082 δύναμιν,

41 2103 272 2184 τοραηνείλας,
297 2095 436 2167 ἐπειδάν
450 2103 584 2185 πρῶτον
597 2096 728 2186 σημάνη
741 2095 778 2167 τὸ
793 2095 987 2186 πολεμικὸν,

41 2196 203 2289 ,τὸπρῶτον
216 2201 538 2288 μίροςπροσβαλεῖυ,
549 2197 630 2268 ὅταν
645 2200 682 2268 δὲ
695 2202 936 2286 οίσαλπιγαταλ
950 2197 987 2268 τὸ

41 2296 251 2390 λυακλητικόυ
270 2302 459 2391 σημάυωσι,
479 2307 547 2370 τῶν
567 2306 740 2390 προτέρων
761 2303 988 2389 παυσαμένων

41 2402 102 2485 τούς
120 2407 300 2493 δευτέρους
313 2412 518 2494 προσβαλεῖν
532 2406 587 2472 καὶ
602 2407 721 2492 ἐφεξῆς
738 2402 776 2473 τὸ
798 2412 912 2493 τρίτον
931 2404 988 2472 καὶ

41 2509 200 2592 ’ίταρτον,
215 2508 272 2576 καὶ
286 2513 333 2601 τῷ
346 2507 486 2600 τοιούτῳ
502 2507 794 2599 τρόπῳίνίιιησευ.
1034 2595 1036 2599 ¹

90 2606 165 2679 Ὅτι
188 2606 343 2697 Ἀννίβας
364 2612 442 2698 περὶ
463 2608 524 2698 τὴν
539 2607 714 2697 Ἐρδονίαν
736 2606 893 2678 Φλάκκου
909 2602 986 2676 Ῥω·
1006 2623 1021 2678 7

41 2719 133 2800 :nimy
154 2709 340 2801 στρατηγὸν
359 2712 500 2800 λοχήσας
522 2709 718 2782 άπίκτειυεν
744 2708 827 2800 μετά
853 2707 990 2780 πάντων

42 2822 93 2885 ων
113 2810 175 2884 ὑπ’
202 2813 311 2908 αὐτῷ,
330 2817 448 2895 καθεὶς
467 2812 681 2903 Ἐρδονιάτην
698 2812 989 2902 ψευδοπροδότην,

41 2947 58 2999 ς
71 2915 305 3007 αὐτομολήσας
324 2925 464 2988 ἔπειθεν
483 2916 543 2988 τὸν
558 2917 716 2989 Φλάκκον
729 2922 846 2988 ἐλθεῖν
859 2916 915 2985 ἐπὶ
928 2913 990 3003 τὴν

41 3026 215 3111 ῖρδονίαυ,
236 3017 281 3100 ὡς
301 3025 371 3090 τῶν
394 3018 542 3106 άρίστων
564 3024 603 3091 ίν
621 3027 662 3109 τῇ
679 3019 774 3090 πόλει
792 3017 989 3088 καλούντων

41 3120 132 3195 τύτόυ
158 3121 215 3195 διά
240 3121 279 3193 τὸ
303 3121 349 3212 μὴ
382 3126 500 3211 φέρειν
518 3121 586 3212 ,τὴν
613 3123 784 3212 βαρύτητα
811 3125 987 3208 Καρχηδο-

41 3233 121 3298 ίων.
359 3308 362 3312 .

94 3325 169 3399 ’Ὁτι
183 3325 340 3416 Ἀννίβας
358 3322 426 3397 ύιτδ
440 3322 610 3415 Ῥωμαίων
624 3330 662 3396 ἐν
675 3323 893 3412 στενοχωροις
905 3321 984 3392 άπο-
1007 3343 1025 3396 8

41 3432 199 3512 ελεισθελς
212 3429 325 3512 τόποις
338 3421 398 3499 ὕπ’
415 3426 527 3500 αύτοῖν
544 3429 825 3517 φυλασσομένοις,
846 3425 991 3511 ταύρους

41 3533 234 3624 Ιὐναμαμοδν
253 3534 310 3603 καὶ
330 3534 386 3603 ἐπὶ
405 3537 475 3602 τῶν
493 3531 645 3624 κεράτων
666 3530 841 3620 λαμπάδας
854 3525 992 3618 ὑφάνας
