2318 3892
445 224 674 287 HEMHTON.
978 226 1036 289 201
1087 284 1090 289 .

75 424 137 486 ρας
158 392 243 464 κατά
262 391 340 475 τούς
364 391 603 486 ἐνεδρεύοντας
618 411 690 478 ταῖς
703 397 826 467 ναυσὶν
840 395 1039 487 ἀνεκώχευε,

76 505 303 588 παραγγείλας
322 513 390 578 τοῖς
409 499 471 587 μὲν
491 500 546 568 ἐπὶ
565 505 636 569 τῶν
655 499 943 590 καταστρωμάτων
964 509 1038 572 δια-

76 602 299 685 σκευάζεσθαι
321 599 405 689 πρός
422 601 547 690 μάχην,
566 618 635 683 τοῖς
654 604 692 673 δὲ
710 605 838 692 ἐρέταις
857 602 921 674 ἀνά
941 607 1040 694 μέρος

77 700 131 776 ότδ
151 704 215 794 μὲν
233 701 291 784 τάς
304 713 490 792 δαλαμίας,
513 701 567 774 &z
588 705 625 775 δὲ
638 705 696 786 τάς
710 712 838 793 ζυγίας,
861 703 915 776 ότδ
931 707 968 777 δὲ
981 706 1040 788 τάς

49 805 411 898 εδρανίτιδαςκάπας
429 805 631 897 ἀναφέρειν,
655 815 715 878 καί
724 836 800 878 τινα
812 813 880 878 των
897 815 1039 897 σκαφων

49 956 52 967 ·
76 915 118 1001 τῇ
129 915 175 1000 γῇ
187 911 370 998 προσάγειν
383 912 548 999 ἐπειρᾶτο.
578 915 623 980 Οί
633 912 695 1000 μὲν
704 915 855 1000 πολέμιοι
868 917 1037 1002 προσδρα-

77 1006 197 1103 μόντες
210 1011 360 1083 έκτόλυον
377 1011 439 1101 τὴν
451 1010 634 1103 ἀπόβασιν·
655 1019 717 1083 τού
731 1014 768 1083 δέ
787 1013 824 1084 τὸ
837 1020 1038 1104 προσνγκεί·

79 1142 179 1204 μενον
197 1129 336 1204 σημεῖον
354 1113 513 1204 ἀραντος,
534 1121 568 1184 οί
579 1117 641 1205 μέν
660 1121 778 1186 ἐκτῶν
799 1121 947 1207 ἐνεδρύν
965 1120 1038 1186 ἐπι-

81 1219 241 1306 φανέντες
254 1216 398 1299 πολλούς
416 1224 484 1288 τῶν
500 1227 671 1309 πολεμίων
685 1220 890 1309 ἐφόνευσαν,
910 1218 987 1301 τούς
1002 1218 1040 1290 δέ

49 1318 216 1401 ιλοιπούς
234 1323 267 1402 ἐς
282 1320 397 1410 φνγην
409 1324 601 1411 ἐτρέψαντο.
626 1319 661 1392 Ὁ
680 1323 717 1392 δὲ
731 1322 890 1413 Διότιμος
906 1320 1040 1412 ἀσφαλῆ

49 1434 67 1487 δ
80 1423 138 1515 τὴν
151 1421 319 1513 ἀπόβασιν
331 1423 520 1513 ἐποιήσατο.

414 1578 468 1658 ’να
487 1606 691 1660 υνααυτοε.

157 1727 321 1818 Τύννιχος
348 1735 533 1810 Θευδοσίας
552 1735 610 1819 τῆς
630 1732 668 1800 ἐν
688 1731 736 1823 τῷ
757 1726 880 1822 Πόντφ
902 1740 1038 1820 πολιορ-

73 1833 244 1923 κουμένης
265 1828 331 1902 ὑπὸ
351 1838 419 1903 των
438 1839 581 1921 πλησίον
594 1831 772 1922 τυράννων
787 1833 843 1901 καὶ
857 1839 1039 1903 κινδυνευ-

49 1935 177 2025 ΙΓούσης
191 1931 318 2005 άλῶναι
336 1934 398 2025 την
418 1941 615 2025 πολιορκίαν
635 1943 766 2005 ἔλυσεν.
788 1930 1042 2026 Ὁρμηδείςμέν

70 2035 323 2128 έξ”Ηρακλείας
342 2041 399 2127 νηὶ
425 2039 613 2128 στρογγύλη
641 2040 697 2108 καὶ
725 2037 853 2127 τριήρει
880 2044 954 2131 μιᾷ,
983 2045 1040 2110 δε-

71 2143 221 2232 ξάμενος
243 2141 280 2211 δὲ
298 2141 501 2231 στρατιώτας
527 2138 625 2223 όσους
643 2137 717 2212 οἷόν
738 2167 775 2210 τε
800 2133 860 2229 ἦν,
883 2145 938 2210 καί
958 2151 1039 2211 σαλ-

72 2233 219 2334 πιγκτάς
242 2257 331 2334 τρεῖς
356 2245 412 2315 καὶ
439 2243 571 2333 σκάφας
596 2259 686 2334 τρεῖς
712 2243 934 2331 μονοξύλους,
963 2243 1039 2314 ἑκά-

73 2369 161 2436 στην
181 2343 291 2438 ἀνδρα
319 2348 561 2430 ἀναδέξασθαι
586 2348 799 2435 δυναμένην,
826 2345 948 2428 νυκτός
968 2349 1040 2443 ἐπι·

49 2468 55 2503 *
77 2448 246 2537 πλεύσας,
274 2456 332 2539 της
351 2447 480 2530 πόλεως
501 2449 601 2538 ἐγγύς
618 2447 816 2537 γενόμενος,
843 2446 966 2532 ἐξελῶν
983 2448 1042 2528 τάς

74 2552 225 2641 σκάφας,
244 2551 427 2643 ἐμβιβάσας
442 2552 562 2642 ἑκάστη
576 2549 785 2640 σαλπιγκτὴν
799 2553 877 2639 ἕνα,
899 2553 1040 2622 συνέτα-

76 2659 134 2740 ξεν
145 2652 353 2743 ἀποσχόντας
366 2653 521 2739 ἀλλήλων
536 2655 699 2744 διάστημα
718 2653 923 2743 σύμμετρον,
952 2657 1041 2723 ἐπει-

78 2756 144 2829 δάν
164 2760 201 2827 ἐκ
216 2762 274 2847 τῆς
286 2757 443 2850 τριήρους
459 2760 587 2848 καὶτῆς
605 2754 811 2848 στρογγύλης
831 2752 1042 2846 ὑποσημηνη,

81 2862 346 2950 διαδεξαμένους
358 2868 552 2950 σημαίνειν,
572 2856 867 2951 παραλλάσσοντας
884 2873 953 2939 τοϊς
966 2856 1042 2946 χρό-

49 2984 64 3027 s
79 2989 168 3048 νοις,
188 2955 234 3041 ὥς
252 2959 297 3049 μὴ
311 2960 494 3048 σάλπιγγος
514 2969 591 3050 μιᾶς
605 2967 827 3051 προσπίπτειν
840 2953 938 3048 ἦχον,
959 2958 1043 3031 ἀλλά

78 3062 257 3136 πλειόνων.
285 3066 331 3132 Οί
343 3063 406 3152 μέν
419 3061 599 3153 ἐσήμηναν,
613 3061 682 3155 η’χφ
697 3067 893 3150 σαλπίγγων
909 3060 969 3133 τόν
982 3088 1041 3133 πε·

78 3172 272 3256 ρικείμενον
293 3162 376 3254 ἀέρα
393 3171 435 3254 τῇ
449 3166 545 3235 πόλει
559 3171 779 3255 πληροῦντες·
800 3170 836 3234 οί
848 3165 886 3235 δὲ
906 3175 1042 3255 πολιορ-

78 3275 236 3354 κοῦντες,
249 3274 447 3358 νομίσαντες
466 3271 633 3339 ἐπίπλουν
650 3266 737 3338 εἶναι
750 3267 871 3337 στόλου
884 3274 1043 3357 μείζονος,

76 3370 194 3447 οὐδενὶ
207 3369 321 3466 κόσμφ
334 3369 393 3452 τάς
406 3370 559 3459 φυλακάς
581 3368 773 3450 ἐκλιπόντες
790 3368 924 3466 ᾤχοντο.
955 3370 1043 3441 Τύν-

49 3496 174 3565 ονιχος
198 3472 242 3545 δέ
262 3473 496 3564 προσπλεύσας
524 3473 588 3564 τὴν
615 3479 804 3544 Θευδοσίαν
829 3470 1045 3564 η’λευθέρωσε

74 3582 352 3670 τῆςπολιοστίαε·
455 3580 460 3589 ’
