2318 3892
493 111 677 173 ΠΡΩΤΟΝ.
893 154 896 157 v
1024 112 1064 172 27

180 290 354 360 Λεωνίδας
367 278 475 370 μάχην
488 283 672 354 συνάπτειν
693 284 841 374 μέλλων,
860 279 1063 374 δρῶννεφέ-
1084 300 1100 351 2

100 398 162 468 λας
179 396 368 477 χειμερίους
389 380 582 473 όιλιζομένας
602 384 685 474 πρὸς
703 384 781 467 τοῦς
803 383 967 476 ἡγεμόνας
988 395 1064 475 ἔφη,

100 488 147 571 ῶς
162 490 202 560 οῦ
215 488 278 578 χρή
292 485 479 574 θαυμάζειν
498 486 676 576 ἀστραπῶν
689 492 746 558 καὶ
760 495 912 578 βροντῶν
931 493 1064 578 γινομέ-

100 615 191 662 νων·
214 591 344 679 ἀνάγκη
359 587 421 676 γδιρ
440 586 524 658 αῦτδι
540 599 751 680 συμβαίνειν,
769 592 895 681 ἄστρου
908 595 1064 680 κινουμέ-

55 718 81 758 5
102 723 180 764 νου.
200 698 346 762 Πολλῶν
366 683 428 760 οῦν
446 696 648 780 διοσημείων
668 697 855 781 γινομένων
875 698 910 763 ολ
925 695 987 783 μέν
1006 700 1066 763 τοῦ

102 802 298 880 Λεωνίδου,
319 786 513 882 προϊδόντες
535 794 572 864 τό
593 798 731 883 μέλλον,
750 802 956 884 θαρροῦντες
970 795 1065 886 ήπείε

103 927 215 986 γουτο.
253 902 297 967 oc
303 898 458 984 πολέμιοι
478 897 515 966 δὲ
535 901 756 986 ἐκπλαγέντες
771 897 898 986 ῦθνμοι
913 899 995 988 πρός
1007 895 1066 967 τόν

103 1008 266 1071 κίνδυνον
278 1002 447 1087 έγένοντο,
462 1003 518 1070 καὶ
533 999 624 1090 παρδι
637 1007 735 1071 τοῦτο
748 997 950 1091 ἡττήθησαν.

180 1109 354 1181 Λεωνίδας
368 1101 523 1190 ἐμβαλῶν
536 1107 569 1183 ἐς
582 1102 693 1191 χῶραν
713 1110 883 1194 πολεμίων
890 1158 900 1194 ,
922 1108 1060 1196 διαπέμ-
1080 1129 1098 1180 3

55 1231 82 1269 ,ο
103 1221 171 1288 ωας
184 1206 317 1294 νύκτωρ
332 1203 452 1286 ῦλλους
465 1203 590 1294 ιἰλλαχή
606 1208 823 1293 προσέταξεν,
839 1205 920 1277 όταν
933 1219 1012 1298 αίρη
1025 1209 1062 1279 τό

100 1326 251 1397 σημεῖον,
264 1311 387 1395 δένδρα
401 1305 538 1379 κόπτειν
550 1311 606 1378 καὶ
616 1308 674 1389 τάς
684 1311 839 1389 ἐπαύλεις
848 1312 1062 1399 ἐμπιπράναι.

105 1418 218 1481 Ταῦτα
238 1407 382 1499 ὁρῶντες
407 1415 440 1480 οί
458 1409 542 1480 κατδι
560 1408 621 1499 τήν
641 1411 757 1499 πόλιν,
780 1415 835 1481 καὶ
850 1413 1008 1501 πάμπολυ
1026 1413 1063 1482 τό

101 1521 233 1602 πλῆθος
256 1513 343 1582 εἶναι
360 1520 557 1601 νομίσαντες
581 1511 644 1584 οῦκ
664 1517 865 1603 ἐπεξῆλθον,
893 1512 977 1585 άλλδι
1002 1515 1063 1604 τήν

102 1625 198 1687 λείαν
212 1615 308 1703 ῦγειν
322 1613 436 1696 αὐτοῖς
449 1616 650 1706 προήκαντο.
717 1705 719 1709 ,
972 1613 975 1624 ’

55 1816 81 1855 15
255 1820 263 1839 ··
389 1818 393 1824 ·
423 1794 464 1852 33.
484 1796 742 1849 ΛΕΩΤΤΧΙΔΗΣ.

178 1928 410 2011 Λεωτυχίδης,
432 1923 509 2009 περὶ
524 1921 695 2011 Μυκάλην
714 1927 783 1992 τῶν
797 1918 964 2011 Ἑλλήνων
978 1951 1060 1992 ναυ-

100 2026 299 2114 μαχούντων
313 2028 367 2096 καὶ
381 2022 418 2094 τό
433 2030 562 2115 πλήθος
575 2030 643 2093 τῶν
655 2024 838 2114 βαρβάρων
849 2036 1060 2113 καταπεπλη-

100 2127 229 2215 γότων,
258 2133 327 2197 τῶν
347 2127 385 2197 δέ
406 2124 528 2197 Ἰῶνων
549 2128 756 2216 μηδιζόντων
776 2127 872 2223 φόβῳ
893 2133 1020 2215 μᾶλλον
1041 2124 1062 2213 ή

101 2230 235 2320 γνῶμη,
250 2233 431 2319 μετέβαλεν
445 2227 602 2300 ἁπάντων
616 2229 653 2298 τὸ
668 2230 839 2317 φρόνημα,
854 2229 1063 2317 πλασάμενος

55 2364 80 2403 ιο
101 2332 265 2421 ἀγγελίαν
284 2330 397 2421 ήκειν,
419 2328 462 2412 ῶς
475 2339 544 2402 τῶν
562 2335 598 2401 έν
611 2340 795 2411 Πλαταιαῖς
805 2328 973 2420 Ἑλλήνων
986 2331 1064 2411 τοῦς

101 2440 237 2524 Πέρσας
249 2434 486 2523 νενικηκότων.
516 2437 560 2501 Οί
575 2431 728 2528 δὲ”Ιωνες
743 2431 1061 2525 άκούσαντεςέθάρ-

102 2561 210 2628 ρησαν
224 2540 280 2607 καὶ
291 2539 497 2625 προσέθεντο
510 2532 747 2624 τοίςἝλλησιν.
768 2533 901 2626 Ἡτύχη
914 2533 951 2606 τό
967 2545 1060 2606 Λεω-

101 2648 241 2729 τυχίδου
262 2639 474 2730 στρατήγημα
497 2641 653 2728 ἐποίησεν
673 2637 812 2729 άληθδς,
833 2648 933 2730 νίκην
953 2633 1083 2728 παρα(

102 2751 226 2832 σχοῦσα
239 2759 308 2824 τοῖς
317 2741 476 2833 Ἕλλησιν
488 2748 546 2831 τής
560 2746 597 2813 έν
610 2751 795 2824 Πλαταιαῖς
807 2742 921 2833 μάχης.

57 2937 100 3002 νοΙ
222 2884 224 2887 ¹
488 2924 530 2979 34.
550 2926 681 2983 ΚΙΜΩΝ.

175 3057 295 3139 Κίμων
315 3048 369 3120 ἐπ’
386 3047 619 3139 Εὐρυμέδοντι
635 3054 769 3144 ποταμῷ
782 3052 861 3141 νικᾷ
875 3045 952 3129 τοῦς
965 3057 1059 3139 βασι·
1082 3076 1095 3124 1

101 3155 185 3233 λέως
206 3153 390 3241 σατράπας,
416 3156 473 3223 καὶ
494 3153 604 3223 πολλά
621 3154 733 3242 σκάφη
756 3151 945 3240 βαρβαρικά
966 3153 1062 3238 ἑλῶν,

101 3262 135 3336 ές
154 3262 259 3325 ταῦτα
278 3253 527 3344 τοῦςἝλληνας
547 3261 687 3346 ε’μβήναι
700 3255 848 3340 κελεύει,
869 3257 925 3323 καὶ
945 3253 1073 3336 στολάς,

102 3363 241 3428 ἐνδῦναι
260 3356 419 3445 Μηδικάς
444 3361 500 3427 καὶ
518 3369 616 3428 πλεῖν
645 3360 699 3429 ἐπὶ
718 3357 870 3447 Κύπρου.
904 3356 1063 3448 Κύπριοι,

56 3493 83 3531 3ο
101 3467 142 3550 τῇ
161 3460 237 3546 ότγει
251 3466 311 3531 τοῦ
325 3466 532 3552 βαρβαρικοῦ
546 3461 709 3552 σχήματος
729 3458 991 3548 έξαπατῶμενοι,
1005 3459 1064 3529 τὸν
