2318 3892
257 176 266 202 ¹
392 193 620 254 πτυστον.
929 192 987 255 187
1109 221 1111 226 -

47 362 165 453 ομπῆν
185 360 299 445 ὅπλοις
321 363 609 453 κεκοσμημένην.”
651 371 726 434 Τῶν
745 365 783 434 δὲ
796 369 987 455 Μεγαρέων

47 466 153 552 ύὸὲν]
167 465 400 555 ύπιὸομίνων,
420 465 504 537 όλλόι
522 467 624 537 θύειν
644 464 758 559 όιγαθῆ
769 469 853 558 τύχη
867 481 984 540 κελευ-

47 598 152 655 ντων,
167 577 346 650 Χαλκιδεῖς
356 568 434 659 παρ’
451 568 565 640 αὐτῶν
575 577 622 650 εἰς
636 569 698 659 τῆν
711 569 848 659 πομπῆν
862 576 985 661 χρησό-
1070 582 1076 595 ‘

47 701 120 743 ενοι
140 671 199 752 τὰς
218 681 421 758 πανοπλίας,
450 679 507 761 τῆς
527 681 650 752 θυσίας
669 677 877 799 γενομένης,
891 673 986 745 αὐτοὶ

47 776 120 870 όμφ
143 782 275 864 πομπῆς
296 783 503 864 βαδίζοντες,
533 774 649 864 ε’πειὸῆ
670 776 753 844 κατὰ
775 775 836 864 τῆν
849 774 986 872 ύγορόιν

47 874 232 1005 ττλισμόνόι
245 882 467 966 κατέστησαν,
484 885 630 966 Θεοκλῆς
644 877 850 947 ἐλέλευσεν’
833 895 985 950 ανειπείν

47 978 86 1053 όν.
94 981 244 1106 ιιῆρυκη,
261 977 486 1069 ’Μεγαρεῖς
470 1008 506 1048 εκ
520 986 577 1068 τῆς
589 982 716 1059 πόλεως
730 977 901 1052 ἀπιόντων
919 981 984 1070 πρό

47 1083 191 1165 ύναντος
208 1080 341 1172 ῆλίου.”
378 1088 461 1152 0ίὸ
463 1085 552 1152 Mal
567 1083 643 1163 τούς
657 1082 819 1171 βωμούςί
817 1087 909 1155 κε’ται
923 1113 983 1154 κα-

47 1186 244 1275 αφυγόντες,
258 1184 426 1275 ῆξίουν
387 1216 431 1275 μη
446 1181 676 1271 διώκεσθαι,”
656 1217 676 1275 η
691 1212 774 1274 μετα
787 1193 856 1256 τῶν
870 1184 984 1258 ὅπλων

47 1278 265 1377 ιπόμπεσθαι.
305 1295 453 1378 Θεοκλῆς
472 1287 554 1377 μετὰ
574 1296 643 1358 τῶν
659 1289 859 1359 Χαλκιδέων
884 1295 981 1379 ἐβου-

47 1391 166 1462 εύσατο
187 1389 250 1462 ούκ
269 1388 427 1479 ἀσφαλῶς
444 1398 533 1478 ἔχειν
548 1394 704 1480 ἐκβαλεῖν
727 1392 908 1473 τοσούτους
929 1396 982 1515 ἐχ

47 1493 132 1585 Ιρούς
152 1489 392 1583 ὡπλισμένους.
433 1497 500 1563 Καὶ
528 1492 571 1582 δὴ
589 1497 712 1582 γυμνοὶ
731 1503 903 1617 Μεγαρεῖς
925 1501 984 1584 τῆς

47 1603 216 1668 λεοντίνων
245 1597 439 1676 ἐκπεσόντες
475 1597 643 1686 Τροίτιλον
671 1597 869 1720 κατῴκησαν
888 1600 983 1685 μέχρι

47 1697 97 1780 νός
115 1722 296 1787 χειμωνος·
316 1703 411 1789 μέχρι
432 1698 496 1789 γόιρ
516 1698 677 1769 τοσούτου
700 1699 939 1838 συνεχώρησαν
952 1706 986 1769 οί

47 1808 215 1882 ἷτλκιδελς.

355 1981 381 2036 6.
400 1982 656 2036 ΙΠΠΟΚΡΑΤΗΣ.

94 2106 313 2197 Ἱπποκράτης
344 2114 506 2197 κρατῆσαι
538 2113 596 2196 τῆς
628 2104 826 2195 Ἐργετίνων
854 2107 984 2188 πόλεως

47 2210 256 2297 ιπουδακοός,
290 2208 388 2292 ὅσους
412 2208 619 2299 Ἐργετίνους
647 2209 714 2297 εἶχε
740 2209 982 2298 μισθοφόρους,

47 2314 153 2394 ιύτοις
173 2321 292 2403 ἔνεμεν
306 2311 358 2384 ἀεὶ
373 2318 431 2401 τῆς
445 2321 536 2394 λείας
549 2311 586 2381 τό
601 2322 718 2382 πλείου
731 2315 830 2400 μέρος
849 2313 905 2380 καὶ
927 2340 980 2398 μι-

47 2415 130 2497 θούς
150 2425 318 2506 μείζονας,
342 2413 580 2505 ὑπερεπαινεῖν
599 2412 722 2495 αὐτούς
742 2410 786 2495 ὦς
805 2425 981 2502 προθυμο-

47 2521 142 2599 §vove
154 2523 212 2589 καὶ
226 2519 367 2607 μάλιστα
387 2519 614 2607 χαριζόμενος,
635 2514 679 2597 ὡς
699 2524 856 2596 πλείονας
876 2519 913 2585 ἐκ
926 2524 984 2604 τῆς

47 2622 151 2702 όλεως
174 2620 296 2709 ταύτης
323 2628 391 2709 ἔχοι
416 2619 616 2709 συμμάχους.
673 2624 783 2688 Ταῦτα
804 2617 983 2708 ἠγγέλλετο

47 2740 91 2805 ιλς
114 2727 154 2794 όν
172 2730 214 2813 τῆ
238 2726 350 2793 πόλει·
380 2729 415 2793 οί
433 2723 487 2808 δὲ,
511 2721 716 2809 ζηλώσαντες
734 2720 796 2810 τῆν
817 2714 984 2811 ύφόλειαν

47 2832 90 2896 όν
101 2828 388 2915 στρατευομένων,
397 2828 570 2906 ἐθέλοντες
585 2825 707 2904 πάντες
720 2828 874 2913 ἐξῆλθον,
882 2852 981 2894 κατα-

47 2929 177 3008 ιπόντες
190 2936 314 3017 ἔρημον
327 2927 390 3016 τῆν
403 2928 512 2998 πόλιν.
541 2925 756 3016 Ἱπποκράτης
769 2927 985 3015 φιλοφρόνως

47 3030 202 3120 εξόμενος
214 3030 292 3110 τούς
306 3027 450 3118 ἄνδρας,
473 3027 575 3117 αὐτῆς
594 3027 715 3108 νυκτός
729 3027 908 3115 ἀναλαβών
921 3026 983 3116 τῆν

47 3135 170 3223 ύναμιν
184 3133 241 3202 διό
260 3139 321 3202 τού
335 3139 603 3219 Λαιστρυγονίον
618 3137 738 3200 πεδίου
753 3136 890 3220 προῆγε,
905 3129 983 3211 τούς
1055 3130 1059 3137 ’

47 3237 83 3306 εν
92 3235 301 3326 Ἐργετίνους
320 3234 418 3318 τάξας
431 3233 514 3321 πρός
527 3232 589 3322 τῆν
602 3233 785 3319 θάλατταν,
792 3230 854 3322 τῆν
868 3233 907 3302 δὲ
920 3231 981 3303 όίλ·

47 3368 84 3428 ην
96 3336 258 3426 στρατιὰν
271 3340 354 3426 πρὸς
367 3336 429 3425 τῆν
441 3335 591 3425 ῆπειρον.
608 3334 697 3406 Ἐπεὶ
712 3335 750 3404 δὲ
759 3332 980 3424 ἆπεφρόχθη-

47 3470 85 3513 αν
98 3439 184 3531 πρός
192 3457 265 3520 ταῖς
273 3444 402 3530 ῥαχίαις
415 3446 483 3509 των
494 3441 653 3528 κυμύτων
663 3443 697 3506 οί
705 3434 982 3527 Ἐργετϊνοι,τούς

47 3538 849 3637 ιτεῐςτροκίμψαςἹπποκρότηςτῆνπόλιναὐτῶν
858 3547 982 3632 ἔρημον
