2318 3892
151 223 191 282 22
539 220 722 279 ΒΙΒΛΙΟΝ

82 426 87 435 ·
153 415 226 473 σαις
253 389 466 480 ὑπήκουσαν,
496 388 724 480 ὑποβαλόντες
754 385 878 471 αὑτοὺς
899 394 947 480 τῇ
974 394 1119 472 Γέλωνος

154 501 346 587 δυναστείᾳ.

534 671 577 726 28.
598 673 735 728 ΘΗΡΩΝ.

233 800 355 891 Θήρων
373 803 617 888 Καρχηδονίοις
640 798 874 886 παρετάσσετο.
914 804 1001 869 Τῶν
1013 800 1057 870 ’δὲ
1071 827 1117 869 πο-

156 913 280 992 λεμίων
296 901 510 990 φευγόντων,
535 905 569 970 οί
581 907 783 970 Σικελιῶται
798 903 1033 989 ἐμπίπτοντες
1048 906 1080 983 ἐς
1091 901 1130 970 τό·

155 1006 391 1096 στρατόπεδον,
408 1000 450 1082 ῶς
467 1002 728 1092 διαρπασόμενοι
741 1001 799 1083 τάς
812 1001 962 1092 σκηνὰς,
978 1002 1050 1074 ὑπό
1064 1011 1117 1074 τῶν

149 1107 289 1197 Ἰβήρων
312 1106 623 1196 παραβοηθούντων
643 1104 840 1194 ἀνῃροῦντο.
874 1105 1010 1194 Θήρων
1025 1106 1118 1178 πολὺν

153 1210 213 1280 τόν
231 1207 376 1297 ὄλεθρον
397 1206 481 1277 ἰδὺν
502 1214 629 1297 ἔπεμψε
649 1206 727 1289 τοῦς
745 1213 1054 1297 κυκλωσομένους,
1066 1237 1114 1281 πα-

155 1309 495 1402 ραννείλαςόπισθεν
517 1309 575 1390 τάς
593 1310 717 1399 σκηνάς
740 1316 977 1400 καταπρῆσαι·
1006 1309 1114 1402 φλογός
1136 1331 1149 1353 '·

155 1416 192 1485 δὲ
210 1419 332 1501 πολλής
347 1414 541 1501 αἰρομένης,
561 1410 623 1482 οῦκ
639 1419 768 1501 ἔχοντες
783 1418 817 1482 οί
828 1416 991 1502 πολέμιοι
1005 1413 1130 1505 σκηνίςῑ·
1148 1418 1151 1456 ¹

41 1572 44 1577 .
154 1519 209 1587 έπί
227 1515 286 1597 τάς
302 1522 386 1595 ναῦς
406 1522 562 1602 ἔφευγον.
594 1520 639 1583 Οί
658 1516 695 1585 δὲ
715 1521 918 1585 Σικελιῶται
943 1517 1111 1595 διῶκονιες

155 1618 244 1711 παρά
263 1634 334 1698 ταῖς
352 1621 453 1688 ναυσί
472 1617 550 1697 τοῦς
563 1625 739 1699 πλείστους
754 1620 974 1709 διέφθειραν.

447 1799 812 1853 ΘΗΡΩΝνΜΙΑΤΙΑΔΟΤ.

104 1937 148 2018 (ν)
232 1923 465 1992 Σελινούντιοι
480 1930 723 2012 Καρχηδονίοις
737 1920 1028 2055 πριραταξάμενοι,
1043 1935 1110 1996 πολ·
1141 1942 1151 1981 ¹⁵

155 2030 224 2095 λῶν
246 2025 418 2095 πεσόντων
437 2023 531 2095 καί’
515 2026 653 2114 ατάφων
674 2028 838 2116 κειμένων
856 2029 913 2097 καί
935 2033 1011 2099 τῶν
1024 2038 1110 2100 πολε·

155 2134 242 2218 μίων
257 2131 492 2253 ἐπικειμένων,
508 2130 617 2212 θάψαι
631 2128 709 2210 τοῦς
723 2125 864 2219 νεκροὺς
887 2127 928 2200 οῦ
946 2136 1111 2223 θαρροῦν·

154 2259 224 2316 τες,
259 2227 299 2299 οῦ
330 2230 396 2320 μήν
423 2228 547 2300 οῦδε’
529 2231 678 2354 ατάμονς
705 2236 867 2321 περιορᾶν
893 2230 1112 2325 ὑπομένοντες

155 2333 375 2420 ἐβουλεύοντο
397 2341 432 2401 τί
449 2331 511 2421 χρή
532 2332 698 2421 πράττειν.
741 2336 863 2423 Θήρων
886 2331 1073 2425 ὑπέσχετο,
1091 2341 1113 2404 εἰ

155 2435 252 2523 λάβοι
269 2442 479 2524 τριακοσίους
498 2439 629 2516 οἰκέτας
648 2436 726 2516 τοὺς
738 2452 853 2526 τεμεῖν
869 2435 932 2525 τήν
953 2436 1047 2529 ῦλην
1061 2445 1111 2508 δν·
1146 2452 1151 2486 ¹1

154 2539 377 2627 νησομένους,
399 2536 498 2618 αὐτὸς
519 2535 561 2608 ἀν
584 2539 649 2607 σῦν
671 2537 783 2620 αῦτοίς
804 2538 989 2627 προελθῶν
1009 2539 1135 2612 naam

155 2639 291 2728 σῶματα
317 2646 438 2710 καῦσαι
458 2643 514 2708 καὶ
537 2641 764 2731 πολυάνδριον
784 2639 898 2710 αὐτῶν
919 2644 1072 2734 ἐγείραι·
1091 2648 1115 2712 εἰ

156 2741 193 2812 δὲ
208 2745 241 2810 οἰ
255 2743 406 2830 πολέμιοι
423 2742 624 2830 κρατήσειαν
638 2741 766 2829 αῦτῶν,
781 2741 883 2830 οῦδὲν
897 2746 985 2833 μέγα
999 2753 1113 2818 κινδυ-

154 2844 317 2914 νεύεσθαι
340 2850 382 2933 τῇ
411 2845 523 2931 πόλει,
553 2843 612 2914 ἐάν
633 2849 693 2915 ἕνα
716 2855 856 2936 πολίτην
884 2844 1115 2941 ἀπολέσηκαί

153 2946 253 3036 τιμήν
277 2944 502 3035 ἀνδραπόδων
522 2956 743 3035 τριακοσίων..
762 2947 949 3039 Ἐπήνεσαν
970 2958 1007 3024 οἰ
1018 2963 1114 3024 Σελι-

153 3050 301 3120 νούντιοι
326 3048 388 3138 τήν
411 3047 565 3139 ννῶμην,
585 3051 653 3120 ’καὶ
674 3049 766 3146 αὐτῷ
793 3052 1040 3144 συνεχώρησαν
1064 3053 1139 3136 οῦςί

153 3152 307 3239 βούλοιτο
329 3154 459 3234 οἰκέτας
485 3157 664 3239 αἱρεῖσθαι.
696 3150 731 3222 ‘0
753 3154 790 3223 δὲ
807 3154 896 3235 ’τοῦς
926 3156 1116 3247 εῦρῶστους

144 3256 208 3349 ,καί
222 3251 425 3342 ἀκμάζοντας
449 3255 683 3343 ἐπιλεξάμενος
705 3256 861 3345 ἐξήγαγε,
886 3261 1044 3347 δρέπανα
1066 3262 1116 3331 καί
1144 3294 1151 3309 ·

152 3359 303 3436 πελέκεις
314 3359 373 3439 ,καί
393 3354 507 3439 ἀξίνας
522 3365 672 3444 ἔχοντας,
695 3354 739 3437 ῶς
758 3365 940 3447 τεμοῦντας
954 3362 1021 3452 τήν
1034 3362 1117 3451 ῦλην

151 3465 197 3539 εἰς
212 3456 381 3548 πυρκαίάν
390 3464 520 3547 νεκρῶν
529 3488 565 3528 το
590 3460 708 3530 οῦτων.
726 3459 813 3531 Ἐπεί
823 3462 859 3532 δὲ
874 3466 1033 3553 ἐξῆλθον,
1046 3474 1115 3537 πεί-

149 3582 208 3642 σας
221 3558 343 3642 αῦτοὺς
357 3561 480 3653 Θήρων
494 3481 677 3634 ἐπιθῦσθαι
689 3579 756 3646 τοίς
771 3564 959 3656 δεσπόταις,
973 3574 1145 3658 βαθείαςν
