2318 3892
383 191 569 254 BIBAION
592 191 753 253 TPITON.
1005 189 1044 252 89

55 366 254 458 χαράδρας
288 364 434 454 μεγάλης
460 363 680 454 διειργούσης.
722 360 830 453 Ὁρῶν
867 364 904 434 δέ
932 370 1045 458 πολλῷ

63 478 242 550 πλείονας
267 466 346 549 τούς
367 476 545 556 πολεμίους
565 469 621 539 καὶ
641 465 679 537 τὸ
692 466 919 558 στρατόπεδον
938 465 1043 556 ὑπερ

63 571 383 666 φαλαγγοόμενον,
410 573 443 650 ές
461 569 499 640 τό
520 580 635 642 κοῖλον
655 572 712 639 καὶ
742 576 911 660 λοχμῶδες
929 572 1043 641 ἐυελό-

61 699 180 767 χισευ
201 672 337 754 ὁπλίτας
360 674 417 741 καὶ
436 671 555 756 ψιλοδς
575 670 806 765 τριακοσίους,
825 671 932 761 ὅπως,
955 678 1044 744 ἐπει-

72 780 154 852 δάν
174 775 524 865 ὑπερφαλαγγήσωσιν
550 781 585 847 οί
603 779 750 848 ἐναντίοι
776 776 859 849 κατά
882 776 919 848 τὸ
940 773 1045 864 ὑπερ-

59 883 213 974 βάλλον
227 877 348 966 αὐτῶν,
362 879 598 961 ἐξαναστάντες
611 877 694 949 κατά
704 878 813 950 νότου
820 884 982 968 γένοιντο.
1005 885 1051 948 OC

70 989 150 1076 μὲν
163 982 500 1073 δπερεφαλάγγησαν·
522 987 559 1068 οί
578 983 615 1052 δέ
630 982 808 1066 ἐξόπισθεν
820 985 1047 1072 ἐπανέστησαν

76 1090 144 1159 καὶ
159 1085 254 1176 άφυω
272 1084 530 1177 προσπεσόντες,
544 1083 586 1155 οὐ
599 1084 664 1156 σόν
677 1093 790 1182 πολλῷ
804 1085 897 1182 πόνῳ
911 1084 972 1176 τήν
984 1085 1047 1176 μά-

80 1221 152 1282 χην
162 1194 334 1279 ἐνίκησαν.
396 1211 399 1215 ’
527 1226 536 1235 2

482 1349 508 1405 2.
524 1353 663 1406 ΠΑΧΗΣ.

168 1461 299 1551 Πάχης,
321 1460 449 1531 Νότιον
470 1468 676 1552 πολιορκῶν,
704 1457 836 1533 Ἱππίαν
863 1458 1048 1552 στρατηγόν

85 1566 311 1639 Πισσούθνου
320 1563 641 1653 κοινολογησόμενον
654 1575 837 1654 προελθεῖν
848 1569 909 1648 ἐξω
920 1571 1050 1653 τείχους

86 1669 254 1760 ήξίωσευ,
269 1670 478 1757 συνθέμενος
491 1663 622 1756 άβλαβή
636 1669 692 1736 καὶ
706 1673 813 1752 ζῶντα
826 1665 1048 1757 ἀποπέμψειν.

84 1772 178 1842 Ἐπεί
194 1772 230 1841 δε
245 1775 414 1861 προήλθε,
435 1767 592 1858 φυλακήν
605 1766 697 1864 αὐτῷ
708 1769 907 1859 περιστήσας
926 1768 963 1839 τὸ
977 1768 1049 1862 Νό-

92 1903 168 1944 τιον
193 1872 276 1942 κατά
304 1872 422 1964 κράτος
454 1875 567 1954 ἐξεῖλε.
607 1875 673 1942 Καὶ
695 1872 769 1943 τότε
785 1868 917 1944 Ἱππίαν
936 1875 970 1954 ές
989 1871 1051 1961 τήν

92 1978 194 2047 πόλιν
207 1981 312 2061 ζῶντα
326 1974 506 2067 ἐσήγαγεν,
525 1972 569 2057 τός
583 1977 773 2064 ἐσπείσατο,
786 1979 843 2047 καὶ
857 1975 939 2067 μετά
952 1971 1052 2047 τοῦτο

93 2080 342 2169 κατηκόντισεν.

448 2241 474 2300 3.
495 2243 699 2296 ΤΟΛΜῙΔΗΣ.

179 2358 362 2443 Τολμίδης,
375 2349 568 2440 Ἀθηναίων
581 2351 826 2440 ψηφισαμένων
841 2348 931 2445 αὐτῷ
947 2356 1052 2438 δοθή-

55 2486 76 2526 ο
93 2487 152 2528 ναι
167 2454 354 2542 κατάλογον
376 2452 513 2544 άνδρῶν
530 2460 664 2541 χιλίων,
684 2452 811 2547 ἑκάστῳ
825 2453 1055 2542 προσιόντων

90 2565 184 2632 υέων
205 2565 371 2648 ἐφασκεν,
393 2555 437 2638 ὡς
463 2558 577 2646 μέλλοι
595 2558 792 2643 καταλέγειν
811 2553 931 2643 αὐτόν,
946 2565 997 2644 είη
1017 2555 1055 2625 δέ

87 2663 235 2755 άμεινου
254 2660 371 2732 ἑκόντα
392 2657 643 2750 στρατεύεσθαι.
689 2664 869 2748 Τρισχίλιοι
887 2660 950 2750 μὲν
972 2657 1054 2728 άπε-
1095 2733 1098 2741 ,

89 2767 269 2857 γράσαντο
284 2763 430 2844 ἑκόντες·
445 2764 596 2833 οίλοιποὶ
617 2763 655 2832 δέ
673 2760 735 2833 οόκ
750 2767 936 2835 ἐπείθοντο.
972 2772 1054 2833 Τολ-

89 2877 197 2962 μίδης
216 2873 339 2939 ἐκτῶν
358 2865 403 2956 μή
424 2869 638 2956 πειθομένων
657 2868 809 2950 κατέλεξε
827 2865 905 2949 τούς
918 2872 1056 2954 χιλίους,

55 3000 68 3038 ε
94 2975 155 3044 καὶ
177 2971 384 3059 πεντήκοντα
403 2968 548 3059 τριήρεις
564 2968 764 3064 ἐπλήρωσεν
782 2968 858 3040 άντὶ
870 2975 988 3058 χιλίων
1001 2994 1055 3035 τε·

94 3080 335 3168 τρακισχιλίοις
348 3070 523 3164 άνδράσιν.

463 3235 489 3293 4.
511 3236 693 3291 ΦΟΡΜΙΩΝ.

181 3352 356 3436 Φορμίων,
382 3341 510 3442 ἀποβάς
532 3347 566 3426 ἐς
585 3342 646 3434 τήν
665 3343 882 3430 Χαλκιδέων,
907 3338 1058 3434 ἁρπάσας
1077 3359 1090 3410 1

96 3469 360 3578 mx
379 3510 500 3576 Thucyd.
518 3511 548 3572 3,
565 3510 608 3562 34.

171 3581 237 3648 Gap.
256 3582 281 3634 3.
318 3584 361 3633 Ex
379 3581 501 3633 Diodoro
517 3580 626 3653 11,·84.
