2318 3892
99 189 139 251 32
488 187 672 247 BIBAION
1071 29 1089 309 Ι

94 362 185 432 Ἐπεὶ
200 363 237 431 δὲ
255 367 313 447 τῆς
326 355 697 447 ύσιεραίαςἝκφαυτος
710 354 728 427 ὁ
743 364 1003 446 Συρακουσίων
1013 365 1057 431 ‘iu-

99 492 223 554 παρχος
238 462 407 552 προήγαγε
417 462 495 543 τούς
510 467 632 547 ἱππεῖς,
647 453 691 551 ήυ
704 457 817 530 αὐτῶν
826 461 958 551 αἰσχρά
966 463 1058 553 φυγή,
1092 514 1100 533 .

98 575 166 638 τῶν
175 567 341 663 τριβόλων
356 568 623 654 ἐμπηγνυμένων
633 567 671 633 ἐν
683 580 753 643 τοῖς
766 566 847 633 ποσὶ
856 570 932 636 τῶν
940 571 1059 637 ἵππων·

99 673 217 742 πολλοὶ
231 668 265 741 δ’
285 667 398 738 αὐτῶν
416 667 495 737 οὐδὲ
511 674 712 755 προβαίνειν
732 662 847 737 οἷοίτε
870 659 985 758 ἦσαν,
998 667 1059 739 ἀλλ’

99 773 166 845 ὑπὸ
179 779 247 842 τῶν
269 777 462 841 πελταστῶν
478 767 810 858 στερεάύποδήματα
830 770 990 858 ἐχόντων
1004 778 1073 843 διει

101 884 295 967 φθείροντι).

66 1002 82 1055 3
178 985 301 1057 Νικίας
322 981 359 1046 ἐν
372 980 418 1068 τῷ
435 973 548 1067 κύκλῳ
566 978 626 1042 τού
639 980 768 1060 τείχους
783 971 991 1066 ἀπελείφθη
1003 974 1061 1067 μετ’

100 1083 225 1169 ὀλίγων
239 1084 469 1168 στρατιωτῶν,
483 1084 542 1165 τῆς
550 1074 651 1175 άλλης
666 1077 842 1166 δυνάμεως
856 1081 942 1169 περὶ
958 1078 1062 1163 Θάψον

101 1184 212 1274 ούσης.
246 1189 321 1251 Τῶν
339 1182 375 1250 δέ
390 1188 638 1266 Συρακουσίων
650 1178 688 1249 τό
705 1178 921 1270 προπύργιον
938 1189 1005 1259 τοῦ
1015 1179 1061 1253 κύ·

101 1298 186 1373 κλου,
205 1284 407 1374 λαβόντων,
425 1286 462 1352 ἐν
483 1273 508 1375 ᾧ
529 1283 611 1364 ξύλα
641 1281 748 1352 πολλά
769 1274 828 1372 ήν,
862 1282 929 1373 οὐχ
963 1282 1082 1365 λκανδςι

102 1388 150 1462 ῶν
170 1387 382 1477 ἀμύνασθαι,
408 1384 449 1454 τά
470 1385 551 1467 ξύλα
572 1385 771 1474 ἐνέπρησεν·
792 1382 815 1475 ή
837 1387 878 1457 δὲ
892 1389 1002 1475 φλόξ,
1021 1390 1060 1459 iul

102 1499 185 1584 μέγα
201 1494 377 1579 αίρομέυη,
401 1484 479 1569 τούς
500 1495 679 1576 πολεμίους
699 1487 919 1573 άπεκρούετο.
956 1490 1014 1563 Ἐν
1028 1496 1062 1583 vj

102 1600 183 1676 τέως
211 1591 260 1683 (ή)
288 1592 354 1662 άπὸ
375 1591 494 1674 Θάψον
515 1591 658 1679 δύναμις
673 1594 866 1662 ἐπελθοῦσα
881 1593 1061 1685 προσεβοή·

103 1714 221 1789 θησεν.
695 1728 702 1739 ·

68 1830 86 1876 4
154 1805 277 1879 Νικίας
297 1795 361 1867 ύπό
378 1801 557 1865 Γυλίππου
571 1796 791 1883 διωκόμενος,
809 1793 878 1885 ήδη
897 1809 1085 1887 καταλαμι

104 1902 288 1992 βανόμευος
302 1906 428 1987 έπεμψε
443 1898 573 1987 κήρυκα
586 1897 668 1984 πρὸς
679 1896 792 1984 αὐτὸν,
803 1898 953 1985 φάσκων
967 1904 1064 1973 πάντα

104 2007 256 2094 ποιήσειν
287 2002 327 2070 τά
357 2000 641 2091 προσταττόμενα,
675 2003 731 2071 καὶ
753 1997 797 2081 ῶς
816 1999 884 2092 ήδη
908 2004 992 2075 τινὰ
1013 2002 1064 2093 χρή

105 2111 248 2196 πέμπειν
263 2104 322 2174 τὸν
336 2104 487 2181 δῶσοντα
500 2100 621 2190 ὅρκους
635 2106 691 2172 καλ
709 2104 912 2192 ληψόμενον.
933 2109 1064 2179 Γύλιπ-

105 2237 166 2290 πος
176 2215 222 2302 τῷ
238 2208 359 2295 κήρυκι
374 2204 552 2286 πιστεύσας
566 2211 923 2295 κατεστρατοπέδευσε,
940 2213 1000 2281 καλ
1014 2215 1066 2279 τού

105 2313 242 2383 διῶκειν
255 2309 494 2398 ἀποσχόμενος,
515 2314 561 2401 τῶ
576 2310 696 2397 κήρυκι
717 2315 763 2402 τῶ
781 2307 846 2380 άπὸ
864 2316 929 2381 τού
944 2320 1091 2385 Νικίουῠ

104 2419 298 2503 συνέπεμψε
312 2412 371 2481 τόν
382 2412 649 2500 συνθησόμενον.
665 2409 721 2480 Ἐν
735 2412 773 2482 δέ
785 2418 831 2507 τῶ
842 2414 928 2495 τέως
935 2424 1065 2495 Νικίας,

105 2526 172 2588 τῶν
198 2516 419 2606 ὀχυρωτέρων
448 2514 650 2602 λαβόμενος,
676 2515 778 2584 πάλιν
807 2518 985 2606 ἐπολέμει,
1012 2517 1067 2607 τήν

106 2621 319 2709 ἀποχώρησιν
329 2625 369 2707 τῇ
385 2616 441 2687 διά
453 2625 514 2687 τοῦ
529 2618 673 2706 κήρυκος
688 2614 797 2707 άπάτη
811 2622 1051 2710 στρατηγήσας.

434 2779 477 2834 λδ.
493 2782 732 2834 ΑΛΚΙΒΙΛΔΗΣ.

75 2925 83 2973 1
177 2889 389 2977 Ἀλκιβιάδης
411 2896 610 2978 δοκιμασίαν
630 2878 741 2977 φίλων
756 2889 891 2961 τοιάνδε
912 2909 1065 2965 ποιεῖται.
1077 2924 1098 2967 ν

106 3000 261 3064 Εἴδωλον
283 2989 407 3080 άνδρός
427 2996 464 3062 ἐν
485 2999 622 3085 οἰκίσκῳ
645 2999 805 3087 σκοτεινῷ
821 2998 1003 3083 καθεῖρξε,
1016 2996 1069 3067 καὶ

105 3105 172 3167 τῶν
204 3105 314 3184 φίλων
335 3099 475 3165 ἕκαστον
498 3095 641 3182 εἰσάγων
669 3098 861 3181 ἐδείκνυεν,
890 3093 936 3177 ῶς
963 3096 1070 3189 ἄνδρα

106 3198 148 3289 δή
169 3200 451 3292 πεφονευμένον,
461 3200 516 3265 καὶ
539 3198 718 3283 παρεκάλει
732 3198 963 3288 συμπράττειν
982 3198 1070 3282 ὅπως

104 3298 148 3373 άν
161 3305 198 3370 τό
213 3300 326 3370 δεινόν
340 3301 450 3369 λάθοι.
491 3304 535 3368 Ol
548 3300 610 3387 μὲν
625 3298 666 3387 δή
681 3299 775 3371 άλλοι
791 3309 999 3393 κοινωνῆσαι
1013 3310 1070 3375 τοῦ

104 3404 284 3493 μιάσματος
305 3411 449 3490 ἔφυγον·
470 3409 618 3482 Καλλίας
633 3403 668 3472 δὲ
690 3401 707 3472 ὁ
727 3401 919 3475 Ἱππονίκου
940 3406 1105 3499 προσήιε

104 3524 332 3538 ----

66 3608 78 3618 ,
173 3570 240 3633 Cap.
257 3568 299 3620 39.
338 3570 363 3631 §-
382 3567 409 3619 3.
445 3566 486 3618 cf.
502 3567 576 3619 Plut.
594 3570 655 3620 vita
672 3569 733 3621 Nic.
754 3569 795 3623 18.
