2318 3892
193 266 195 269 .
319 223 504 286 BIBAION
526 224 704 285 ΟΓΔΟΟΝ.
929 223 992 325 283

47 393 129 463 εόλιν
142 395 289 482 ἐφέρετο.
314 397 476 483 Νεμέτωρ
489 392 585 476 είδοδς
598 393 639 465 τά
653 394 809 484 δρώμενα
819 394 902 485 πρὸς
914 397 992 477 τούς

47 506 168 577 ιολίτας
180 503 266 585 ἔφη,
279 492 481 584 “Πολεμίων
500 503 622 586 ἔφοδος
643 499 799 586 γέγονεν·
822 496 992 589 Ἀμούλιος

47 599 74 685 δὲ,
92 597 239 688 προδούς
258 597 320 687 τήν
342 598 442 668 πόλιν
456 600 636 688 πέφευγεν.
663 598 761 670 Ἀλλά
774 597 991 690 ὁπλισάμενοι

47 729 63 781 ς
83 700 145 790 τήν
160 698 288 791 ἀγοράν
309 697 579 790 ἀθροιζόμεθα.”
603 708 649 772 Οί
664 703 727 792 μέν
740 697 921 787 ὁπλίζοντο
935 706 991 774 καὶ

47 810 236 892 ’θροίζοντο
259 799 379 893 Ῥάμος
390 805 426 874 δὲ
442 807 497 874 καί
507 801 671 893 Ῥωμύλος
684 802 859 887 ἀνελόντες
870 805 989 896 Ἀμού-

49 933 104 974 ιον
118 906 326 995 ἐξεπήδησαν
341 913 399 996 τής
412 904 531 995 άκρας,
556 909 693 989 καὶτοῖς
709 916 858 990 πολίταις
870 898 989 1001 ήθροι-

47 1007 163 1095 ’μένοις
182 1005 402 1096 ἀνήγγειλαν,
432 1014 555 1090 οἵτινες
573 1007 667 1090 όντες
689 1005 744 1080 οἶα
770 1011 916 1082 παθόντι
943 1017 990 1104 τῷ
1108 1029 1112 1036 ’

47 1108 156 1204 τάππφ
178 1115 316 1191 δικαίως
329 1110 548 1200 ἐτιμώρησεν.
580 1108 616 1180 Ὁ
631 1112 667 1182 δὲ
689 1117 792 1201 δήμος
813 1116 990 1194 ἐπαινέσας

47 1209 64 1280 δ
83 1217 184 1299 ἔργον
197 1215 363 1302 Νεμέτορι
377 1212 439 1302 τήν
451 1220 626 1301 βασιλείαν
640 1212 823 1285 ἀπέδωκεν.

391 1393 417 1450 3.
435 1395 639 1450 ΡΩΜΤΛΟΣ.

69 1578 71 1582 .
93 1512 273 1604 Ῥωμύλος,
284 1513 454 1605 Ῥωμαίων
466 1535 629 1606 γυναῖκας
644 1516 707 1589 ούκ
721 1517 883 1606 ἐχόντων,
910 1518 985 1607 ἐκή-
1006 1534 1019 1585 l

47 1619 127 1700 νξεν
140 1616 205 1688 ἀνά
222 1616 279 1699 τάς
291 1627 444 1707 γείτονας
458 1621 588 1707 πόλεις,
608 1618 652 1702 ὦς
666 1619 783 1710 ἑορτήν
795 1618 867 1702 άξοι
883 1619 986 1709 δημο-

47 1719 988 1818 ελήΠοσειδῶνοςἸππίουκαὶἀγωναςῖππωνέπὶάθλοις

47 1829 202 1910 εγίστοις.
234 1826 361 1893 Πολλοὶ
382 1822 423 1914 δή
447 1831 623 1914 συνήλθον
643 1829 763 1894 ἐκτῶν
780 1824 912 1893 πόλεων
932 1825 987 1893 ἐπὶ

47 1922 87 2013 ήν
101 1927 204 1994 θέαν·
220 1928 396 2012 πάνγένος
411 1924 569 2016 ἀνδρῶν,
579 1932 770 2016 γυναικοῖν,
792 1928 986 2015 παρθένων.

47 2023 185 2115 ’ωμύλος
212 2027 431 2118 παράγγελμα
463 2036 607 2115 ἔδωκεν,
635 2026 820 2116 ἀπέχεσθαι
842 2029 906 2117 μὲν
924 2026 985 2098 ἀν-

47 2135 118 2217 ροὸν
137 2130 400 2218 καὶγυναικῶν,
420 2128 580 2221 ἁρπάζειν
606 2133 643 2201 δὲ
668 2132 772 2220 μόνας
792 2132 986 2219 παρθένους

47 2233 81 2300 αὶ
106 2230 228 2312 ταύτας
248 2231 310 2302 ούκ
330 2235 364 2314 ἐς
384 2231 503 2322 ὕβριν,
523 2231 602 2305 Ιλ’
625 2237 659 2314 ἐς
679 2222 796 2321 γάμον.
839 2223 947 2313 Οὗτος
967 2229 986 2303 δ

47 2333 127 2422 άμος
137 2330 306 2422 Ῥωμαίοις
320 2333 403 2425 ἀρχή
419 2342 633 2415 παιδοποιΐας
646 2338 789 2422 ἐγένετο.

96 2431 276 2525 Ῥωμύλος,
298 2443 355 2528 τής
370 2443 567 2526 Φιδηναίων
588 2435 715 2528 πόλεως
733 2435 889 2525 ἀποσχεδν
902 2437 984 2506 δέκα
1002 2451 1018 2500 2

47 2566 88 2608 ου
114 2538 249 2627 στάδια,
276 2543 632 2629 κατεστρατοπέδευσε.
676 2539 824 2625 Νύκτωρ
857 2538 895 2607 δὲ
925 2543 986 2608 τού

47 2640 164 2731 άρακος
190 2642 362 2731 ἐξαγαγών
387 2641 449 2732 τήν
476 2632 639 2731 δύναμιν,
666 2641 745 2721 τούς
766 2637 897 2729 ἡμίσεις
916 2645 985 2712 τῶν

47 2743 132 2830 όχων
151 2749 200 2825 είς
212 2746 366 2832 μέτωπον
379 2745 603 2834 καταστήσας,
623 2740 701 2824 τούς
717 2745 755 2815 δὲ
768 2741 907 2824 λοιπούς
926 2741 984 2835 ὀρ-

48 2837 122 2926 ίούς
131 2846 266 2928 ἐκτάξας
280 2850 336 2917 καί
360 2863 429 2929 τοῖς
454 2844 615 2938 ήγεμόσιν
635 2844 874 2942 ένάπορρήτφ
896 2871 982 2935 παρ·
1043 2855 1047 2860 ’

47 2948 179 3038 γγείλας
205 2946 227 3018 δι’
252 2948 314 3039 χρή
340 2950 516 3040 πράττειν,
538 2947 637 3030 αὐτὸς
663 2947 797 3038 ὀλίγους
821 2954 907 3035 ἔχων
927 2945 983 3017 εύ·
1068 2955 1070 2959 ’

47 3050 145 3131 όνους
165 3053 316 3134 πελέκεις
345 3055 509 3142 φέροντας
533 3069 609 3133 τοῖς·
627 3057 750 3140 τείχεσι
776 3055 984 3139 προσῆλθεν,

47 3153 182 3234 ελεύσας
219 3152 281 3242 τήν
320 3153 426 3243 ἀλλην
467 3154 613 3244 δύναμιν
647 3152 846 3243 ἐφεδρεύειν
883 3151 981 3239 έγγύ-

47 3282 94 3324 εν.
126 3254 216 3344 Ἤδη
237 3257 274 3326 δὲ
290 3253 547 3345 ύπαυγαζούσης
570 3261 614 3327 ἕω
642 3257 822 3344 προσέταξε
845 3251 904 3333 τάς
918 3253 981 3322 πύ-

47 3386 79 3437 ας
110 3357 295 3429 ἐκκόπτειν.
343 3366 418 3430 Τῶν
447 3360 485 3429 δὲ
512 3366 710 3447 Φιδηναίων
735 3353 982 3456 τήπαραλόγφ

47 3460 127 3550 ι’λμη
152 3463 391 3549 ταραχθέντων
417 3465 473 3530 καὶ
490 3460 548 3542 τάς
575 3461 683 3540 πύλας
701 3457 906 3542 ἀνοιξάντων
927 3460 984 3527 καὶ

47 3578 89 3644 εις
120 3573 293 3652 πολεμίοις
318 3563 533 3653 ἐμπεσόντων
565 3561 795 3650 ἀσυντάκτως,
823 3557 983 3651 Ῥωμαῖοι
