2318 3892
397 179 619 243 ΕΒΔΟΜΟΝ.
928 176 989 238 263

20 347 140 430 αὐτοῖς
154 345 415 438 ἐκπολιορκήσας
430 349 659 440 παραδώσειν,
674 346 717 438 ήν
731 348 873 438 μάλιστα
887 359 986 419 πολε-

20 453 197 541 μιωτάτην
223 447 377 540 ἡγοῦντο.
426 448 643 522 Ἐπίστευσαν
669 456 703 522 ολ
727 461 898 531 Σινωπεῖς
931 454 987 520 καὶ

22 555 277 644 παρεκάλεσαν,
310 545 358 624 τόν
384 547 428 623 άν
450 552 483 635 ές
504 553 563 624 τόν
582 555 729 643 πόλεμον
749 557 874 640 δέοιτο,
902 551 983 642 παρ’

21 655 138 727 αῦτών
160 657 354 745 λαμβάνειν.
400 653 434 724 Ὁ
466 657 504 725 δὲ
530 655 635 727 ἄλλον
665 658 728 746 μὲν
754 653 893 736 οῦδενός
919 662 985 745 ἔφη

21 764 178 846 δεῖσθαι,
208 755 252 839 ὡς
277 755 433 848 λαμπράν
453 768 614 849 χορηγίαν
635 766 720 847 έχων
741 762 796 830 καὶ
808 758 987 848 χρημάτων

19 862 80 933 καὶ
102 858 286 949 σωμάτων·
313 858 391 941 τούς
411 861 448 929 δὲ
470 861 511 931 τά
533 861 767 950 μηχανήματα,
794 860 909 949 κριούς
930 863 986 930 καὶ

19 962 188 1053 χελώνας,
209 963 513 1046 κατασκευάζοντας
526 962 588 1033 οῦκ
616 970 721 1051 ἔχειν,
741 960 763 1032 ά
784 961 826 1052 δή
844 963 985 1053 μάλιστα

22 1063 178 1154 ὠφέλιμα
204 1080 273 1145 τοϊς
299 1071 546 1155 πολιορκοῦσιν.
588 1071 635 1134 Οί
660 1075 831 1146 Σινωπεῖς
859 1065 985 1146 πάντας

20 1165 102 1248 τούς
129 1164 168 1236 έν
191 1171 233 1256 σή
256 1167 352 1236 πόλει
371 1162 522 1254 τεχνίτας
541 1167 598 1236 καὶ
624 1164 856 1256 ἀρχιτέκτονας
884 1174 983 1256 έπεμ-

22 1285 93 1354 ηαν
121 1267 224 1360 αύτῷ.
259 1264 294 1337 ‘0
324 1269 361 1338 δὲ
374 1284 447 1350 ταῖς
471 1272 600 1358 τέχναις
626 1268 739 1339 αύτών
767 1258 1005 1358 χρησάμενος,

20 1377 106 1452 ναῦς
119 1368 244 1450 πολλάς
258 1372 315 1440 καὶ
328 1371 546 1460 μηχανήματα
560 1370 809 1453 κατασκευάσας
822 1369 897 1441 άντλ
909 1381 981 1460 Ση-

20 1479 102 1546 στοῦ
120 1470 184 1562 τήν
201 1472 364 1562 Σινώπην
379 1471 627 1563 ἐπολιόρκησεν.

37 1579 44 1590 ’
97 1575 258 1664 Δατάμης
273 1573 458 1665 Εύφράτην
474 1575 592 1663 διαβάς
605 1573 759 1663 ἐπολέμει
769 1573 903 1666 μεγάλην
919 1581 980 1661 βα·
999 1590 1017 1641 3

22 1686 124 1747 σιλεϊ·
147 1674 165 1746 ό
194 1677 232 1746 δὲ
253 1676 336 1766 μετά
354 1683 478 1767 πολλής
501 1677 675 1765 δυνάμεως
696 1673 808 1766 έπήει,
835 1673 876 1742 ού
893 1674 984 1743 πάνυ

10 1785 88 1850 ιτῦν
103 1776 305 1867 ἐπιτηδείων
318 1777 468 1869 εὐπόρως
483 1785 585 1866 ἔχων,
608 1783 821 1864 σχολαίτερον
841 1772 982 1844 ὁδεύων.

23 1882 180 1970 Δατάμης
193 1877 263 1950 άνω
284 1888 345 1950 τοῦ
370 1885 518 1968 ποταμοῦ
539 1877 667 1967 πολλήν
686 1875 767 1948 ὁδόν
785 1876 983 1967 παρελάσας,

22 1983 76 2064 τάς
83 1981 210 2072 ἁμάξας
219 1981 348 2053 σύνδυο
357 1983 468 2067 ζεύξας
479 1979 646 2071 ἐπέθηκεν
658 1979 760 2060 άλλας
770 1979 831 2049 δύο
845 1976 912 2049 κατ’
922 1976 982 2048 αῦ-

21 2091 88 2156 τών
100 2088 158 2160 καὶ
166 2085 341 2175 συνήλωσε
349 2083 431 2175 πρὸς
438 2083 591 2173 άλλήλας,
600 2085 655 2154 καλ
664 2080 824 2174 περὶτοῦς
834 2079 985 2163 κανδούς

20 2189 109 2260 κάτω
117 2193 259 2267 σανίδας
272 2188 500 2276 προσήλωσεν,
509 2184 598 2267 ὅπως
612 2191 648 2256 οί
656 2187 768 2276 τροχοὶ
782 2182 815 2265 ές
828 2183 890 2273 τήν
906 2182 984 2254 ίλύν

19 2295 82 2362 τοῦ
100 2295 253 2378 ποταμοῦ
272 2288 316 2378 μή
338 2290 575 2359 καταδύοιντο·
591 2287 717 2376 ἄνδρας
731 2286 768 2355 δὲ
792 2285 980 2376 έρρωμενε·
1069 2297 1071 2301 ’

17 2392 179 2478 στάτους,
192 2390 232 2461 τά
245 2391 464 2480 γενναιότατα
476 2395 545 2460 τών
559 2386 749 2476 ὑποζυγίων
764 2385 984 2476 ἐπισύροντας

15 2493 84 2566 άπὸ
104 2493 228 2581 κάλον,
251 2493 473 2582 διανήξασθαι
492 2493 702 2582 προσέταξεν.
725 2488 862 2559 Ἔπειτα
884 2487 982 2577 ένήγε

14 2595 76 2678 τάς
97 2598 358 2687 προσηλωμένας
379 2591 504 2684 άμάξας
520 2601 567 2673 είς
580 2591 639 2663 τὸν
652 2591 818 2681 ποταμόν,
836 2597 905 2661 τών
919 2592 982 2680 μὲν

15 2698 165 2770 ὄπισθεν
179 2696 376 2783 ὠθούντων,
389 2702 458 2766 τών
472 2697 510 2765 δὲ
525 2698 776 2782 διανηξαμένων
788 2700 982 2783 ἔμπροσθεν
1042 2739 1045 2744 -

17 2800 189 2872 ἑλκόντων
202 2799 315 2879 κάλοις
328 2796 483 2888 μεγάλοις
493 2795 797 2886 έξηρτημένοις,καὶ
812 2793 983 2884 ἐπιβαλών

14 2903 90 2975 άνω
111 2901 262 2991 κλήματα
283 2904 339 2970 καλ
361 2900 443 2983 ξύλα
465 2905 560 2988 διέβη
578 2898 638 2968 τόν
665 2897 813 2988 ποταμὸν
826 2897 907 2986 μετά
923 2901 981 2985 τής

15 3003 126 3076 αὑτοῦ
146 3003 338 3093 δυνάμεως·
359 3005 416 3071 καὶ
435 2998 469 3082 ές
488 3001 550 3090 τήν
570 2998 675 3070 αὑτοῦ
693 2999 832 3089 ἀφίκετο
856 2995 979 3087 ήμέρας

15 3111 102 3178 δέκα
117 3105 300 3196 πρότερον,
322 3100 342 3193 ή
359 3102 571 3192 τὸνβασιλέα
587 3102 642 3174 ἐπὶ
656 3101 716 3174 τὸν
729 3097 879 3188 ποταμόν
897 3097 977 3189 άφι-

12 3215 150 3281 κέσθαι.
803 3199 807 3206 ’
906 3282 908 3286 Ι

95 3307 257 3398 Δατάμης
285 3305 408 3398 μαθών
435 3303 479 3387 ὥς
505 3304 754 3393 ἐπιβουλεύοιτο
780 3299 847 3372 ὑπὸ
878 3317 1014 3389 σερε-4

11 3419 149 3484 τιωτών
169 3417 286 3497 ίδίων,
311 3414 349 3479 έν
365 3405 549 3501 Ἀσπενδίῳ
564 3404 669 3499 πεδίητ
684 3407 815 3494 μέλλων
828 3404 978 3492 συμβάλ-

13 3527 93 3586 λειν
111 3519 281 3603 πολεμίοις
297 3509 401 3582 άλλον
416 3508 612 3581 διεσκεύασε
625 3513 666 3600 τή
679 3504 785 3578 αύτοῦ
800 3513 980 3598 πανοπλίᾳ,
