2318 3892
396 163 626 224 AEPTEPON.
949 165 991 226 65

43 337 198 426 εόρπακος
224 340 369 423 ἔχουσαν
392 333 454 425 τὴν
470 331 605 405 ἀσπίδα.
648 333 736 405 Ἐπεὶ
756 335 793 406 δὲ
814 332 928 426 καιρός
947 327 991 427 ἦν

43 442 164 525 ξόδου,
178 436 257 520 τούς
270 435 355 518 νεώς
368 433 516 519 ἅπαντας
530 435 692 532 ἀνέῳξεν,
714 435 759 518 ώς
771 439 891 511 θύσων
903 437 989 529 ὑπὲρ

43 549 84 633 ἧς
98 548 283 634 στρατείας.
321 545 367 610 Οί
381 541 418 610 δὲ
432 546 647 632 στρατιῶται,
662 537 700 610 τό
713 546 822 631 σχῆμα
835 548 892 632 της
905 548 991 614 θεοῦ

43 646 321 734 εταβεβλημίνον
351 644 498 731 ίδόντες,
541 644 814 734 κατεπλάγησαν,
856 641 901 726 ώς
933 652 991 735 τῆς

43 755 171 837 ίθηυάς
184 744 287 837 αὐτῆς
308 743 523 836 όπλιζομόνης
542 746 627 817 κατά
643 753 712 818 τών
724 754 911 836 πολεμίων,
934 751 991 819 καὶ

43 849 135 931 ιολῦς
149 841 192 939 ἦν
205 847 458 938 Ἐπαμινώνδας
484 849 743 938 ἐγκελευόμενος
764 863 925 940 θαρρεῖν,
946 847 991 932 ώς

43 959 88 1042 τῆς
100 956 188 1022 θεοῦ
199 951 260 1041 τὴν
273 949 403 1022 ’ἀσπίδα
417 951 501 1024 κατά
518 958 588 1023 τών
610 961 781 1042 πολεμίων
801 960 989 1042 προβεβλη-

43 1057 140 1144 ιόυης.
179 1052 296 1136 Οὕτως
315 1053 555 1146 ἀνεθάρρησαν
568 1063 603 1125 oc
623 1064 767 1144 Θηβαῖοι
788 1058 845 1126 καλ
858 1065 989 1144 συμβα-

43 1157 143 1238 λόντες
150 1155 361 1247 ἠγωνίσαντο
371 1166 540 1252 λαμπρῶς,
554 1161 611 1229 καὶ
623 1159 702 1240 τοῦς
712 1165 825 1253 πολλῷ
833 1167 990 1238 πλείονας

43 1267 211 1348 ιολεμίους
226 1263 394 1350 ἐνίκησαν.

52 1415 55 1420 ·
99 1360 351 1452 Ἐπαμινώνδας
379 1361 461 1455 πρός
487 1369 527 1453 τῇ
546 1363 679 1456 γεφύρηι
709 1369 771 1433 τοῦ
789 1370 990 1452 Σπερχειοῦ,
1011 1376 1043 1428 13

43 1472 210 1535 δεσσαλών
232 1463 531 1556 ἀντικαθημένων,
558 1462 648 1555 ὁρώυ
670 1464 735 1536 ἀπὸ
760 1471 820 1536 τοῦ
840 1473 991 1554 ποταμοῦ

43 1565 152 1658 ερί
117 1597 179 1658 την
191 1571 236 1638 ἕω
251 1568 378 1659 πολλὴν
396 1571 454 1638 καί
471 1575 619 1656 βαθειαν
638 1565 777 1657 ὁμίχλην
798 1573 991 1659 αἰρομένην,

43 1670 281 1762 ιαρήγγειλευ
264 1671 390 1766 εκάστφ
401 1671 498 1795 λόχφ,
507 1671 570 1740 δύο
584 1677 719 1758 κομίσαι
733 1679 855 1800 φορτία
869 1671 991 1754 ξύλων,

43 1773 142 1863 ’ὁμὲν
155 1773 301 1864 χλωρόν,
323 1802 360 1842 το
349 1774 412 1844 δὲ
425 1765 527 1845 αὖον·
549 1774 694 1864 καὶπερὶ
709 1776 815 1862 μέσην
835 1773 941 1844 νύκτα
953 1773 994 1842 τά

43 1870 150 1948 66
106 1906 172 1947 αυα
187 1878 360 1963 κάτωθεν,
374 1905 415 1946 τα
402 1875 467 1946 δὲ
477 1875 589 1968 χλωρά
601 1873 740 1947 ἀνωθεν
757 1873 922 1959 [θέντας
902 1877 991 2003 υφά

43 1989 112 2064 λαιλ.
143 1977 246 2069 Θμοῦ
267 1978 328 2063 νύξ
348 1977 483 2050 καὶ’ί
424 2008 465 2068 ομ
468 1986 542 2069 ίχλη
560 1981 624 2049 καὶ
643 1979 789 2060 καπνός·
811 1975 967 2068 όμὲν’
929 2008 993 2069 αηρ

43 2099 97 2164 οῖς
126 2091 296 2173 πολεμίοις
323 2080 462 2174 ἀόρατος
476 2074 534 2173 ἦν·
562 2079 580 2152 6
607 2082 647 2152 δὲ
667 2079 920 2172 Ἐπαμινώνδας
939 2084 994 2152 ἐπὶ

46 2186 91 2277 ὴν
104 2189 278 2317 γέφυραν
289 2192 462 2276 διεβίβασε
483 2184 561 2267 τοῦς
583 2184 795 2275 στρατιώτας.
842 2192 887 2255 Οί
898 2186 935 2255 δὲ
949 2177 994 2254 αὖ

43 2286 117 2359 ατά
131 2292 232 2376 μέσον
245 2315 283 2358 το
271 2287 376 2359 πεδί
363 2298 416 2360 ίον
429 2287 543 2372 ὄντες,
558 2284 657 2358 ὁπότε
670 2284 688 2358 6
702 2286 829 2368 καπνός
842 2287 924 2376 μετά
937 2314 995 2409 της

43 2397 168 2480 μίχλης
183 2390 418 2481 διεσκεδάσθη,
433 2391 693 2460 οίΘεσσαλολ
652 2417 711 2479 της
727 2390 913 2508 διαβάσεως
926 2395 995 2459 τών

43 2499 203 2580 πολεμίων
216 2490 375 2582 ησθοντο.

104 2593 375 2685 Ἐπαμινώνδας,
393 2597 470 2683 περὶ
488 2596 615 2682 Τεγέαν
631 2591 901 2664 διακινδυνεύων
915 2592 998 2682 πρὸς
1017 2604 1049 2658 14

43 2705 339 2789 δακεδαιμονίονς,
373 2697 581 2788 βουλόμενος
607 2693 826 2786 ὑπερδεξίους
851 2707 994 2767 καταλα-

43 2806 154 2872 λέσθαι
168 2803 308 2890 τόπους,
329 2807 386 2872 ἵνα
401 2801 492 2891 λύθη
504 2799 582 2883 τούς
596 2806 792 2889 πολεμίους,
816 2802 996 2893 προσέταξε

43 2911 77 2999 τῷ
99 2906 253 3002 ίππάρχφ
274 2904 356 2995 μετά
376 2906 507 2976 ίππέωυ
526 2911 644 2993 χιλίων
665 2907 847 2988 ἑξακοσίων
874 2922 995 2992 προυπ-

43 3014 155 3079 τεῦσαι
170 3015 227 3100 τῆς
241 3008 433 3097 φάλαγγος,
445 3010 502 3077 καί
512 3006 643 3089 πυκνάς
657 3018 830 3078 ποιεῖσθαι
842 3002 900 3085 τάς
913 3003 995 3075 ἀυα-

43 3111 181 3201 ιτροφάς
199 3117 280 3202 τῇδε
300 3110 446 3182 κάκεῖσε.
481 3107 539 3191 Ὡς
559 3111 597 3180 δδ
619 3120 777 3181 πλεῖστον
795 3110 997 3198 ἐπανέστησε

43 3212 226 3345 ιρυιορτόυ,
249 3219 436 3285 ἐπισκοτοῦν
455 3229 528 3294 ταῖς
547 3218 616 3284 τών
630 3219 803 3301 πολεμίων
819 3207 955 3297 όύεσιυ,
979 3207 996 3281 6

43 3347 96 3388 ιεν
115 3324 218 3387 ἔλαθε
233 3316 408 3405 κατασχών
420 3345 461 3386 τα
449 3314 714 3406 ύπερδέξιαί
679 3345 697 3385 ο
699 3315 997 3404 ίδδΣπαρτιῦιται,

43 3421 192 3547 ληξαυτος
204 3423 265 3489 τοῦ
279 3424 472 3509 κονιορτοῦ,
500 3417 538 3489 τὸ
552 3417 691 3508 γεγονός
707 3416 836 3498 ίδόυτες
854 3417 998 3506 ἐνόησαν

43 3552 160 3614 ηντ
107 3529 218 3594 αἰτίαν
231 3528 289 3612 τῆς
303 3529 538 3614 προίππασίας.

82 3655 211 3691 Pomm
230 3654 326 3691 svm.
832 3619 851 3678 5
