2318 3892
431 169 665 232 AEYTEPON.
989 172 1026 231 51

55 371 167 436 μενον
184 346 312 433 Γραίας
331 344 423 430 ἕδος,
447 336 531 410 ῶστε
551 333 595 431 ἦν
616 343 674 412 καλ
698 341 736 412 τὸ
756 343 1030 432 παρατάσσεσθαι

54 449 236 538 δύσμαχον
254 446 311 514 καὶ
325 441 361 513 τό
379 458 567 534 προχωρεῖν
580 442 759 516 ιἰδύνατον.
791 456 1031 535 Προσποιεϊται

55 548 125 641 δὴ,
146 546 293 633 λοξῶσας
312 545 376 636 τὴν
394 545 569 636 στρατιάν,
601 545 698 635 άγειν
719 550 773 618 ἐπὶ
795 546 832 618 τό
853 546 936 617 άστν
959 555 1028 618 τῶν

56 658 206 744 Θηβῶν·
228 653 285 722 καὶ
298 649 363 740 γάρ
376 641 420 739 ἦν
435 656 577 740 ἐρημον,
597 651 903 740 ἐξεστρατενκότων
919 649 1026 721 άπάν-

57 783 145 852 των.
181 762 324 844 Θηβαῖοι
348 754 426 841 περὶ
448 758 488 845 τῇ
508 752 603 822 πόλει
627 759 814 840 δείσαντες,
843 752 902 822 τόν
923 754 1029 840 λόφον

59 857 320 944 καταλιπόντες,
340 853 520 945 ἠπείγοντο
536 858 569 936 ἐς
586 853 623 924 τό
637 854 729 927 άστν·
764 855 958 944 Ἀγησίλαος
971 855 1030 926 τόν
1136 875 1138 879 ‘

62 961 176 1050 λόφον
193 956 369 1039 ἀκωλύτως
383 965 536 1048 διῆλθεν.

142 1059 195 1133 Ἐν
213 1059 396 1149 Λεύκτροις
415 1066 693 1149 Λακεδαιμονίων
705 1066 840 1131 πολλῶν
855 1060 1029 1151 ῥιψάντων
1048 1068 1079 1121 13

64 1162 107 1234 τά
126 1161 212 1235 όπλα
231 1166 287 1235 καὶ
307 1163 476 1234 λιπόντων
500 1162 561 1253 τὴν
576 1163 688 1250 τάξιν,
710 1168 766 1232 ἵνα
785 1161 830 1253 μὴ
843 1161 931 1234 πολύ
945 1170 1028 1253 πλη-

62 1279 128 1348 θος
145 1265 264 1357 άτιμον
283 1267 432 1354 γένοιτο,
453 1264 596 1355 ἠξίωσεν
617 1263 864 1355 ἀποδειχθῆναι
883 1269 1028 1355 νομοθέ-

60 1373 132 1459 της.
153 1368 242 1441 Ἐπεὶ
256 1370 294 1440 δὲ
307 1367 510 1458 άπεόείχθη,
530 1366 570 1439 ού
585 1367 722 1450 καινούς
734 1367 859 1459 νόμους
872 1377 1030 1458 ἔγραψεν,

61 1471 150 1544 όιλλόι
168 1472 247 1553 τούς
268 1470 432 1554 παλαιούς
453 1471 582 1561 ἰσχύειν
603 1470 686 1561 μετά
705 1469 767 1561 τὴν
787 1474 826 1544 ἐν
846 1472 1031 1564 Λεύκτροις

63 1575 185 1666 νάιον·
749 1646 752 1652 .
803 1660 805 1665 ,
971 1623 976 1636 x

139 1677 349 1768 Ἀγησίλαος,
373 1669 416 1748 ’ἐν
441 1682 481 1767 τῇ
503 1675 644 1766 Σπάρτη
671 1675 817 1757 στάσεως
837 1676 1030 1764 γενομένης,
1049 1686 1083 1742 14

67 1779 151 1852 ῶστε
173 1788 242 1851 τῶν
262 1778 408 1852 ὁπλιτῶν
429 1783 463 1849 οί
480 1780 598 1850 πολλοὶ
618 1778 842 1867 κατελάβοντο
855 1777 963 1866 λόφον
983 1783 998 1847 ί
1015 1821 1028 1830 -
1118 1795 1119 1798 ’

65 1883 127 1973 ρόν
135 1882 325 1974 Ἀρτέμιδος
336 1879 501 1972 Ἰσσωρίας
516 1879 615 1970 ἐγγύς
627 1879 793 1971 Πιτάνης·
810 1883 977 1952 ἐνέκειντο
993 1881 1030 1950 δὲ
1074 1887 1077 1894 ’

64 1990 207 2058 Βοιωτοὶ
220 1989 277 2057 καὶ
286 1984 444 2076 Ἀρκάδες
465 1985 706 2075 ἐμβεβληκότες
727 1986 783 2055 καὶ
796 1986 870 2066 δέος
885 1975 929 2074 ἦν
944 1981 1028 2073 άμη-

63 2112 185 2177 χανον·
202 2094 239 2160 ἐν
251 2094 299 2184 τῷ
313 2091 446 2183 πολέμῳ
460 2090 517 2158 καὶ
530 2088 653 2169 στάσις.
684 2086 736 2157 Οὐ
749 2086 816 2178 μὴν
829 2084 929 2168 αὐτὸς
943 2093 1030 2157 ἔδει·

62 2218 143 2277 σεν,
175 2189 259 2263 άλλά
285 2191 323 2262 τό
341 2193 403 2282 μὲν
437 2187 552 2273 όπλοις
579 2191 754 2281 βιάζεσθαι
786 2189 864 2271 τούς
891 2191 946 2260 ἐπὶ
972 2195 1032 2258 τοῦ
1090 2181 1093 2186 ’

61 2297 176 2382 λόφον
196 2292 384 2383 σφαλερὸν,
410 2291 448 2363 τό
469 2294 507 2364 δὲ
522 2294 685 2363 ἱκετεύειν
699 2292 858 2363 ταπεινὸν
872 2287 911 2362 όν
926 2297 1031 2380 παρῆ-

61 2427 138 2469 κεν.
175 2395 287 2477 Αότός
307 2397 344 2466 δὲ
364 2395 464 2484 μόνος
478 2395 601 2477 άοπλος
615 2393 766 2488 ἀτρέπτῳ
786 2399 841 2465 καὶ
861 2399 972 2486 πολλῶ
986 2399 1033 2485 τῶ

60 2501 235 2590 προσώπῳ
255 2496 338 2586 πρός
358 2496 418 2568 τόν
437 2497 544 2587 λόφον
571 2496 701 2583 ἐλθῶν,
724 2493 823 2566 “ofin
850 2492 1034 2580 ἐνταῦθα”,

62 2613 144 2690 ἔφη,
154 2591 203 2668 “ῶ
217 2607 360 2686 νεανίαι,
374 2595 460 2687 ύμάς
470 2605 583 2683 ἔταξα·
598 2597 672 2670 ἄλλ’
688 2595 784 2686 ὑμεῖς
797 2599 860 2689 μὲν
875 2604 922 2679 είς
935 2595 1035 2669 τόνδε

61 2705 125 2777 τὸν
139 2701 276 2792 λόφον”,
287 2706 403 2794 ἕτερον
417 2706 536 2789 δείξας,
547 2697 664 2792 “ύμεῖς
677 2702 715 2772 δὲ
730 2704 762 2783 ἐς
776 2702 853 2773 τόδε
866 2699 1035 2791 τόχωρίον

67 2809 167 2879 άπιτε
180 2809 238 2876 καὶ
254 2801 468 2897 φρονρεῑτε”.
504 2811 550 2875 Οί
561 2805 599 2876 δὲ
617 2804 791 2892 Λάκωνες,
812 2802 855 2887 ῶς
868 2803 1033 2894 ἀγνοούν-

64 2940 121 2991 τος
143 2908 205 3000 τὴν
229 2910 383 2982 διάνοιαν
410 2905 524 2979 αὐτῶν
550 2914 608 3000 τῆς
631 2906 863 2994 ἀποστάσεως,
890 2910 1033 2996 κατῃδέ-

66 3025 201 3102 σθησαν
233 3016 290 3084 καὶ
318 3009 352 3081 οἷ
377 3013 579 3100 προσέταξεν
603 3010 773 3093 εὐπειθῶς
805 3010 1034 3098 άνεχῶρησαν.

64 3117 214 3203 Νύκτωρ
239 3115 278 3186 δὲ
298 3112 376 3195 τούς
399 3114 557 3203 ἐξάρχους
571 3122 628 3204 τῆς
641 3112 805 3199 στάσεως,
826 3111 953 3202 ἄνδρας
967 3112 1033 3183 δεό-

66 3228 168 3307 όεκα,
183 3217 286 3289 άλλον
298 3215 382 3306 άλλη
396 3213 575 3305 ύπεξάγων
590 3223 717 3288 ἕπανσε
729 3215 792 3306 την
805 3215 932 3286 στάσιν.

69 3395 301 3406 ..m—

141 3486 208 3551 Oap.
229 3487 252 3538 1.
288 3489 311 3550 ἓ.
333 3484 376 3536 13.
412 3483 454 3534 ef.
479 3484 553 3535 Plut.
575 3483 657 3548 Ages.
677 3482 720 3536 30.

146 3555 211 3623 Cap.
230 3555 253 3608 1.
291 3559 315 3620 ἕ.
335 3555 378 3607 14.
413 3552 487 3606 Plut.
503 3554 584 3620 Ages.
602 3554 644 3606 32.

841 3634 885 3696 4*
