2318 3892
422 192 652 256 TEYAPZ'ON.
862 249 866 258 ,
960 195 1020 256 145

55 367 259 449 Αντίγονος,
301 357 456 453 ὥρμησεν
488 366 543 435 ἐπὶ
577 363 637 434 τόν
661 361 939 455 Ἀκροκόρινθον,
964 370 1021 436 καὶ

55 469 126 535 τεόν
141 463 305 553 φυλάκων
317 462 396 555 διερλ
409 464 470 556 τήν
489 465 682 558 πανήγυριν
695 465 951 557 ἀσχολουμένων
964 472 1021 540 καί

55 569 145 638 θέαν
163 567 432 657 κατειληφότων,
464 572 590 662 ῥηιδίως
611 569 801 660 κατέσχε
768 598 805 641 το
824 580 949 661 χωρίον
964 576 1019 642 καί

55 676 115 760 τῆς
129 675 308 758 Κορίνθου
321 670 428 761 πάσης
441 673 618 791 ἐκράτησε,
641 674 931 770 στρατηγήματι
899 680 945 745 τῶ
959 676 1019 763 γά

55 801 109 870 μφ
125 773 343 862 χρησάμενος.

130 874 321 964 Ἀντίγονος
346 893 418 957 ταῖς
444 884 637 967 πρεσβείαις
664 886 890 967 χρηματίζων,
919 904 1018 967 προε-
1038 889 1055 940 2

58 970 237 1051 διδάσκετο
251 981 347 1049 ἐκ
300 1007 368 1050 των
382 977 652 1070 ὑπομνημάτων,
672 988 762 1062 τίνες
777 982 846 1052 εἶεν
861 978 905 1063 ῦς
918 980 1023 1052 αῦτόν

58 1088 94 1153 τί
102 1084 161 1153 καί
175 1082 277 1151 πάλαι
288 1083 565 1172 πρεσβεύσαντες,
581 1087 637 1153 καὶ
651 1084 734 1171 μετόι
746 1092 851 1154 τίνων
864 1088 920 1154 καὶ
935 1081 1022 1175 ῦπὲρ

62 1189 143 1256 οἵων
156 1184 373 1274 πραγμάτων.
412 1185 466 1256 Ἐν
486 1189 525 1258 δὲ
537 1200 609 1267 ταῖς
623 1188 813 1271 ἐντεῦξεσιν
826 1185 1020 1277 ἀπομεμνη-

65 1291 159 1376 μόνος
172 1288 313 1358 ἑκάστου
327 1287 410 1379 πρός
427 1290 504 1372 τοῦς
524 1289 773 1381 πρεσβεύοντας
790 1290 938 1374 [πάντας]
952 1295 1019 1374 ἐξέ-
1104 1277 1110 1289 ¹

64 1400 229 1480 πλησσευ,
248 1388 293 1472 ὡς
308 1391 443 1480 μνήμην
457 1399 543 1480 ἔχων
559 1389 850 1482 ὑπερβάλλουσαν.

126 1491 1022 1584 ἈντίγονοςΜίγαραπολιορκῦντοῦςἐλίφανταςίπήέ
1039 1504 1056 1558 θ

63 1620 174 1686 γαγεν.
197 1601 243 1666 Οί
253 1606 426 1688 Μεγαρεῖς
435 1597 518 1680 σάας
536 1605 795 1686 κἀταλιίφοντες
812 1593 902 1689 ῦγρᾷ
921 1605 1022 1686 πίσσῃ

61 1702 116 1771 καί
128 1696 342 1788 ῦφάπτοντες
356 1699 516 1790 ήφίεσαν·
537 1707 574 1771 αί
589 1701 645 1786 δὲ,
665 1699 731 1770 ῦπό
747 1707 807 1772 τοῦ
821 1699 928 1786 πυρός
947 1727 1023 1770 και-

60 1799 197 1892 όμεναι,
211 1819 410 1896 κεκραγυίαι
423 1809 536 1898 πολλῷ
551 1803 664 1896 δρόμῳ
683 1809 731 1885 είς
750 1801 829 1883 τοῦς
841 1805 1025 1889 ἐλέφαντας

57 1904 256 1979 ὅνίπιπτον·
291 1913 326 1976 οί
361 1906 417 1994 δὲ,
448 1911 647 1995 οίστρεόντες
684 1909 741 1977 καλ
770 1904 1025 1997 ταρασσόμενοι,

55 1999 157 2090 α”λλος
172 2005 256 2098 άλλη
273 2013 467 2098 διέφευγον.
498 2008 688 2097 Ἀντίγονος
708 2014 769 2080 τοῦ
783 2014 904 2079 λοιποῦ
919 2029 1023 2097 προσ

55 2111 152 2196 ἔταξε
176 2127 245 2193 τοίς
262 2111 377 2194 Ἰνδοῖς
400 2115 539 2202 τρέφειν
559 2103 600 2193 ῦς
625 2112 708 2202 μετά
728 2118 797 2182 νῦν
817 2113 1024 2199 ἐλεφάντων,

55 2213 115 2286 ἵνα
128 2213 191 2303 τήν
204 2213 285 2299 όψιν
297 2213 410 2287 αῦτῦν
423 2218 480 2286 καί
493 2217 555 2306 τήν
568 2214 722 2307 κραυγήν
734 2213 775 2285 τά
788 2221 894 2305 θηρία
908 2216 1027 2304 φέρειν

59 2320 220 2402 ἐθίζοιτο.

128 2420 321 2508 Ἀντίγονος
344 2416 563 2508 Ἀντίπατρον
589 2418 834 2489 κινδυνεύοντα
857 2419 1062 2508 βληθήναι4

55 2520 129 2595 ῦπό
142 2522 359 2594 Μακεδόνων
373 2529 486 2592 ἔσωσε.
528 2528 596 2591 Τοῦ
616 2523 845 2611 στρατοπέδου
864 2523 962 2609 μέσος
984 2510 1027 2607 ήν

58 2625 211 2716 ποταμός
238 2623 315 2710 όξῦς
341 2623 378 2694 τό
408 2628 532 2714 ῥεῦμα,
560 2625 716 2713 γίφνραν
739 2629 841 2711 ἔχων·
870 2629 975 2693 ἔνθεν
996 2624 1030 2690 οί

62 2729 267 2809 Μακεδόνες
287 2727 471 2817 ἐσκήνουν·
494 2729 629 2798 ἐκεῖθεν
642 2725 850 2814 Ἀντίγονος,
872 2731 958 2812 ἔχων
972 2729 1027 2793 ι’π-
1141 2772 1153 2786 .

65 2835 147 2914 πίας
160 2829 442 2922 ὁμοφρονοῦντας.
486 2836 531 2899 Ol
547 2831 610 2919 μὲν
628 2827 710 2919 μετά
729 2833 857 2899 πολλοῦ
874 2825 1029 2915 θορύβου

66 2937 122 3007 καὶ
146 2934 294 3024 μεγάλης
314 2939 394 3023 βοῆς
412 2931 517 3023 ᾔτουν
532 2934 700 3023 χρήματα,
718 2940 837 3018 βαλεῖν
850 2928 1030 3000 άπειλοῦν-
1077 2992 1080 3001 .

67 3064 120 3120 τις
132 3043 165 3108 εί
184 3036 230 3128 μή
253 3036 407 3125 λάβοιεν·
429 3033 644 3124 Ἀντίπατρος
657 3036 712 3122 δὲ,
734 3033 779 3123 μή
794 3040 879 3120 ἔχων
898 3036 1031 3115 δοῦναι,

70 3131 161 3228 ἦνέν
177 3138 349 3230 ἀμηχάνῳ.
381 3136 571 3226 Ἀντίγονος
584 3143 650 3226 ἔφη
671 3135 752 3225 πρός
773 3133 893 3219 αὐτόν,
912 3130 1028 3203 “Ἀλλ’

73 3244 176 3332 ἔγωγέ
195 3264 247 3314 σοι
269 3243 367 3312 δώσω
385 3239 504 3332 καιρόν
520 3237 686 3331 άφόδου.”
726 3243 838 3309 Ταῦτα
853 3235 974 3323 anniv,
995 3240 1032 3306 ίν

73 3416 298 3430 ψ-

133 3510 200 3579 Οαρ.
223 3508 250 3562 δ.
288 3514 311 3574 5.
333 3508 358 3561 3
396 3508 438 3560 Ex
455 3506 608 3574 Phylarcho
626 3504 687 3558 coll.
707 3505 821 3558 Aeliano
840 3505 874 3557 de
892 3509 949 3558 nat.
976 3503 1035 3554 ani·

73 3528 706 3646 md.11‚140mh0n13,851›g.006.

117 3681 247 3720 mmm
268 3680 364 3718 emer.
846 3662 885 3722 10
