2318 3892
10 268 17 277 ,
102 185 164 251 εκε
204 267 214 277 ἱ
492 186 677 248 ειελιοιι

68 385 86 436 2
180 357 408 447 Καρχηδόνιοι
422 364 586 429 Σικελίαν
606 363 832 447 πορθοῦντες,
852 354 944 438 ὅπως
956 355 1060 440 αύτολς

102 462 168 534 ἀπό
182 462 310 550 Λιβύης
330 459 387 530 διά
406 460 526 548 τάχους
540 459 580 529 τά
599 458 766 547 ἀναγκαία
785 469 969 549 κομίζοιτο,
991 471 1060 533 κλε-

102 566 235 654 ψύδρας
254 565 316 634 δύο
338 563 536 651 ποιήσαντες
550 574 624 643 ίσας
637 578 705 643 τοῖς
725 565 902 652 μεγέθεσι,
922 562 1060 644 κύκλους

104 672 141 739 έν
156 668 295 759 ἑκατέρα
309 669 494 754 διέγραψαν
509 676 603 746 ίσους
631 672 766 752 έχοντας
784 665 846 754 τήν
866 662 976 754 αύτήν
996 670 1060 737 ἐπι·

50 770 54 777 ’
103 770 249 861 γραφήν.
279 768 523 856 Ἐπεγόγραπτο
545 768 583 836 δὲ
600 758 640 837 οῦ
656 769 718 855 μὲν
732 776 838 856 Χρεία
852 773 959 854 νεῶν,
974 761 1017 840 οῦ
1029 767 1060 839 δέ

104 871 335 962 Στρογγύλων
349 879 494 956 πλοίων,
511 868 657 958 ἀλλαχοῦ
668 871 706 939 δὲ
719 874 883 959 Χρυσίου,
898 872 956 940 καὶ
968 870 1060 941 πάλιν

22 992 28 1004 ’
103 974 249 1062 ἀλλαχοῦ
264 973 541 1062 Μηχανημάτων,
556 975 612 1042 καί
627 974 728 1043 πάλιν
742 980 865 1059 Σίτου,
889 975 949 1042 καὶ
968 973 1060 1043 πάλιν

105 1087 260 1166 Θηρίων,
279 1080 334 1145 καὶ
352 1071 613 1161 πάλινὍπλων,
628 1078 685 1144 καὶ
699 1082 833 1162 Πεζύν,
847 1077 905 1145 καὶ
916 1071 1060 1147 Ἱππέων.

107 1179 205 1251 Ούτω
221 1177 263 1265 δὴ
277 1178 403 1258 πάντας
415 1176 491 1256 τούς
504 1178 648 1258 κύκλους
662 1178 916 1266 ἐπιγράψαντες,
928 1177 991 1267 τήν
1000 1180 1060 1249 έτέ·

105 1311 170 1372 ραν
196 1286 264 1349 τῶν
284 1285 486 1368 κλεψυδρῶυ
514 1283 551 1349 ἐν
579 1287 721 1372 Σικελίᾳ
748 1281 970 1367 κατασχόντες
996 1279 1060 1368 [τήν

104 1387 233 1472 ἑτέραν]
249 1384 437 1470 ἐξέπεμψαν
460 1387 507 1461 είς
520 1383 740 1471 Καρχηδόνα,
763 1383 1005 1469 συντάξαντες,
1025 1378 1060 1470 ήν

105 1493 225 1557 ἴδωσιν
239 1481 386 1574 ἀρθέντα
400 1483 531 1572 πυρσόν
545 1483 624 1574 παρ’
642 1483 755 1555 αύτῦν
768 1482 993 1571 ἀποσκοπεῖν,
1014 1482 1060 1555 ότ-

105 1619 148 1659 αν
163 1585 180 1657 ό
196 1586 351 1674 δεύτερος
365 1585 553 1676 άναδειχθή
564 1586 701 1676 πυρσὸς,
716 1595 816 1658 ποίου
830 1587 960 1658 κύκλου
972 1593 1060 1657 τοῦτο

105 1689 327 1779 συμβήσεται·
349 1681 390 1759 οῦ
411 1688 473 1778 τήν
487 1688 679 1778 ἐπιγραφήν
691 1688 898 1777 ἀναγνόντας
911 1686 963 1760 ὅτι
974 1690 1060 1777 τάχος

104 1793 142 1864 τό
157 1793 403 1881 σημαινόμενον
415 1790 470 1860 διά
480 1799 548 1860 τῶν
555 1790 759 1879 γραμμάτων
770 1794 963 1878 ἐκπέμπειν.
985 1796 1060 1861 Τοῦ·

104 1924 162 1967 του
176 1894 236 1962 τόν
248 1895 373 1980 τρόπον
384 1891 546 1981 ὀξυτάτην
556 1894 645 1980 εἰχον
659 1892 887 1981 Καρχηδόνιοι
898 1892 961 1984 τήν
974 1922 1060 1983 κομι·

106 1996 171 2086 δήν
183 2002 252 2065 τῶν
269 2001 315 2075 είς
329 1993 389 2063 τόν
402 1996 550 2083 πόλεμον
563 1993 768 2082 ἀναγκαίων.

71 2115 89 2168 3
184 2097 410 2186 Καρχηδόνιοι
431 2100 531 2166 ναυσί
556 2097 808 2185 [στρογγύλαις]
828 2099 885 2167 καὶ
897 2096 1060 2187 τριήρεσιν

106 2207 227 2270 ἔπλεον
242 2203 296 2270 ἐπὶ
310 2206 490 2269 Σικελίαν·
513 2200 696 2279 Διονύσιος
709 2199 956 2287 αἰσθανόμενος
969 2199 1060 2270 ναυσί

106 2313 245 2382 πολλαῖς
260 2305 453 2373 ἐπέπλευσε.
471 2302 676 2390 Προίδόντες
683 2302 910 2391 Καρχηδόνιοι
921 2300 983 2372 τόν
996 2299 1060 2373 στό·

107 2416 184 2492 λου,
203 2404 262 2485 τάς
283 2407 344 2495 μέν
369 2404 576 2494 στρογγύλας
593 2411 662 2474 τῶν
683 2410 771 2474 νεῦν
784 2405 898 2497 κύκλῳ
912 2401 1060 2495 περιστή·

107 2529 225 2588 σαντες
248 2510 365 2597 ἑτέραν
386 2506 451 2578 ἀπὸ
472 2514 529 2596 τής
544 2510 656 2596 ἑτέρας
675 2505 794 2577 ἱκανόν
808 2508 994 2597 διάστημα,
1015 2505 1060 2587 τάς

108 2612 146 2680 δὲ
167 2610 314 2699 τριήρεις
332 2613 365 2691 ἐς
377 2610 416 2681 τό
432 2611 534 2699 μέσον
549 2608 663 2679 αύτῦν
675 2607 915 2698 ἀθροίσαντες,
928 2608 1060 2699 συχνούς

108 2713 146 2782 δὲ
181 2719 250 2781 τῦν
284 2711 419 2801 ἀνδρῶν
455 2714 510 2781 ἐπὶ
543 2712 601 2792 τάς
634 2708 1060 2802 ὁλκάδας·ἐπιβιβάσαντες

105 2813 275 2903 ήμύνοντο
298 2814 376 2894 τοῦς
403 2821 582 2903 πολεμίους
610 2815 777 2896 ἐπιόντας·
808 2817 866 2884 καί
900 2821 971 2887 τῦυ
998 2823 1060 2887 δια·

107 2916 285 3006 στημάτων
312 2931 384 2996 ταῖς
409 2915 558 3006 τριήρεσι
585 2920 819 2998 διεκπλέοντες
844 2919 989 3000 καὶτοῖς
1012 2946 1060 2990 τοι

107 3026 296 3091 Διονυσίου
332 3017 499 3106 σκάφεσιν
532 3017 771 3108 ἐμβάλλοντες,
798 3018 839 3090 τά
866 3020 930 3109 μὲν
958 3018 1060 3093 αύτάι

107 3125 315 3219 κατέδυσαν,
336 3121 377 3192 τά
394 3122 431 3192 δὲ
447 3118 536 3192 όπλα
549 3121 685 3193 πάντων
698 3119 815 3213 ἀχρεῖα
829 3130 966 3217 τελείως
980 3127 1060 3195 ἐποί·

108 3244 203 3313 ησαυ.

72 3339 89 3392 4
184 3326 410 3414 Καρχηδόνιοι
430 3332 654 3421 πολεμοῦντες
669 3321 813 3415 Ἱέρωνι,
840 3325 976 3416 νύκτωρ
998 3330 1060 3399 ἐπι·

108 3428 312 3509 πλεύσαντες
329 3429 489 3519 Μεσήνη,
511 3437 655 3518 πλησίου
667 3434 726 3518 τής
739 3428 869 3510 πόλεως
882 3425 949 3499 ῦπδ
963 3427 1060 3519 ἄκραι

106 3528 181 3600 τινά
200 3539 504 3621 καθωρμίσθησαν.
533 3530 588 3604 Ἐν
600 3539 647 3630 τῷ
661 3532 771 3622 λιμένι
790 3533 913 3605 πολλαί
924 3533 1060 3627 τριήρεις
