2318 3892
399 817 729 956 reburrum.

491 1085 637 1096 ¹¹-

139 1238 304 1313 Polyaenum
320 1240 367 1314 qui
387 1241 473 1298 adhuc
488 1242 643 1304 ediderunt,
661 1257 711 1298 nec
732 1239 829 1296 otiosis
848 1256 908 1296 esse
923 1258 973 1297 nec
989 1241 1068 1300 bonis

55 1323 194 1381 codicibus
217 1324 257 1380 uti
278 1323 363 1381 licuit.
405 1324 471 1396 llam
492 1343 566 1388 cum,
579 1325 752 1383 Casaubonus
776 1324 897 1381 codicem
921 1327 1068 1400 pessimum

54 1417 151 1465 nactus
176 1404 253 1482 quasi
272 1407 467 1483 gloriabundus
485 1411 643 1468 recensendi
662 1409 785 1466 laborem
810 1402 959 1491 paucorum
978 1411 1070 1468 admo·

54 1493 218 1569 dumluisse
236 1493 339 1550 dierum
356 1495 507 1558 monuerit,
531 1494 600 1551 Sam.
619 1495 756 1572 Mursinna
771 1493 904 1550 hlaasvicii
923 1495 1070 1552 editionem

54 1575 295 1635 innumerabilibus
309 1579 382 1635 vitiis
401 1580 603 1654 typographicis
619 1579 738 1641 auxerit,
762 1586 885 1635 correcta
903 1585 1009 1634 tantum
1026 1580 1071 1636 hic

25 1662 30 1670 ’
54 1661 112 1718 illic
129 1663 253 1718 versione
271 1663 368 1726 latina,
391 1665 483 1720 Adam.
504 1663 603 1718 Korais
622 1663 738 1735 denique
757 1679 833 1717 suam
852 1649 1000 1736 πάρεργον
1019 1656 1071 1719 καὶ

53 1732 178 1817 ἀληθῶς
199 1734 387 1821 αὐτοσχέδιον
402 1763 464 1802 esse
487 1745 630 1820 professus
651 1745 701 1807 sit,
722 1761 794 1800 unus
812 1753 898 1801 restat
914 1746 1071 1804 Pancratius

56 1830 211 1886 Maasvicius
229 1829 287 1895 ille,
307 1833 366 1908 ipse
383 1847 492 1905 quoque
507 1829 558 1886 ab
576 1830 632 1886 otio
647 1846 703 1886 nou
717 1828 814 1885 melius
831 1829 1006 1894 instructus?
1023 1832 1071 1906 qui

56 1913 111 1969 nisi
126 1914 235 1971 nimium
250 1915 452 1972 Casauhono-se
464 1915 623 1977 addixisset,
639 1931 671 1970 ex
684 1914 777 1970 codice
785 1912 945 1971 Florentino
962 1923 989 1971 et
1004 1915 1071 1972 Can·

54 1998 216 2071 tabrigiensi
229 2001 334 2061 lructus
345 2000 431 2057 multo
446 2000 574 2056 laetiores
588 2006 767 2073 percepturus
782 2005 855 2061 erat,
872 2017 952 2072 quam
964 2016 994 2056 re
1008 2017 1072 2056 vera

54 2083 187 2157 percepit.
223 2083 290 2140 Post
305 2085 475 2142 Maasvicium
490 2090 517 2140 et
537 2083 580 2140 vel
602 2083 688 2157 ipsius
704 2090 793 2139 aetate
813 2081 892 2139 multi
912 2075 1081 2148 entitem'nt,¹

55 2168 102 2242 qui
119 2169 358 2244 novamPclyaeni
376 2169 523 2226 editionem
538 2158 667 2242 pararent
683 2168 805 2241 quidem,
823 2167 857 2223 ab
873 2167 989 2242 inceptis
1005 2185 1070 2226 vero

54 2251 232 2330 desisterent,
247 2253 352 2311 lsaacus
366 2253 493 2316 Vossius,
508 2252 568 2309 Joh.
582 2251 611 2307 G.
628 2251 769 2314 Graevius,
781 2250 984 2315 Lambbosius,
1001 2251 1070 2309 Sam.

54 2336 174 2398 Battier,
192 2337 334 2410 professor
346 2337 515 2401 basiliensis,
531 2337 592 2393 Chr.
607 2335 679 2391 Frid.
690 2336 831 2399 Matthaei,
845 2335 868 2391 J.
885 2336 965 2392 Conr.
979 2336 1071 2400 Orelli,

56 2419 87 2474 G.
105 2421 178 2476 rlrm.
199 2421 306 2486 lllume,
331 2423 368 2478 ita
389 2430 420 2478 ut
438 2421 563 2496 plerique
581 2419 715 2495 philologi
736 2428 832 2475 nostro
851 2418 985 2493 scriptore
1001 2421 1072 2477 hand

54 2504 135 2562 facile
152 2505 268 2579 parabili
284 2523 334 2563 nec
355 2506 420 2561 satis
437 2505 577 2560 emendato
593 2503 673 2576 plane
692 2503 828 2559 abstinere
844 2503 1010 2561 tutissimum
1026 2505 1072 2562 ha·

55 2589 154 2646 beant:
172 2606 274 2664 paucos
282 2582 304 2663 1)
319 2589 518 2664 deprehendas,
537 2587 584 2662 qui
600 2594 631 2644 ut
644 2584 682 2642 Cl.
697 2587 725 2642 B.
742 2586 770 2643 G.
788 2587 908 2644 Niebuhr
920 2589 971 2645 hos
986 2589 1072 2646 libros

56 2673 144 2731 honae
164 2673 252 2748 frugis
271 2674 368 2749 plenos
387 2675 473 2731 adhuc
493 2672 635 2748 neglectos
654 2672 741 2729 iacere
765 2690 845 2746 aegre
866 2675 963 2730 lerant.
999 2674 1097 2731 Hanc,

55 2758 224 2832 provinciam
240 2760 342 2816 tamdiu
362 2777 471 2816 vacuam
491 2759 613 2815 relictam
634 2765 666 2813 ut
683 2774 749 2832 ego,
770 2758 907 2814 seminarii
923 2759 992 2832 regii
1008 2759 1073 2815 Got-

55 2844 192 2916 tingensis
207 2852 269 2900 ante
281 2845 331 2901 hos
348 2853 453 2919 septem
468 2861 553 2900 annos
568 2841 684 2905 sodalis,
699 2843 727 2898 in
742 2861 785 2900 me
800 2844 921 2916 recipere
937 2843 1072 2906 auderem,

56 2927 159 2984 lactum
175 2937 217 2984 est
233 2929 424 2999 exhortatione
438 2936 466 2985 et
480 2927 596 2985 consilio
610 2927 707 2983 Caroli
716 2929 799 2984 Frid.
809 2928 980 2996 Hermarchi,
995 2943 1072 3001 prae·

56 3011 180 3088 ceptoris
194 3011 377 3077 dilectissimi,
398 3013 475 3070 cuius
490 3029 637 3086 numquam
653 3028 685 3067 ex
700 3011 789 3067 animo
804 3027 865 3067 meo
884 3011 1004 3068 discedet
1018 3028 1073 3068 rne-

57 3095 154 3153 moria.
190 3097 251 3153 Mor
265 3115 325 3154 cum
342 3099 373 3154 V.
396 3096 434 3153 Cl.
450 3099 632 3154 Fridericum
647 3095 747 3152 Haase
768 3094 953 3170 professorem
972 3095 1074 3153 Vratis-

126 3260 153 3327 1)
166 3261 343 3311 Bibliotheca
356 3261 454 3311 critica
465 3259 690 3324 Wyttenbachii‚
709 3258 904 3310 Amste1.1779
922 3275 963 3325 eq.
981 3258 1035 3320 vol.
1051 3258 1072 3308 1.

60 3329 128 3381 lese.
141 3329 167 3378 4.
181 3345 226 3394 pg.
241 3327 297 3376 111.
308 3328 440 3391 Niebuhr,
453 3327 554 3378 Kleine
568 3327 709 3377 Schriften
723 3326 747 3390 1,
760 3327 824 3376 454:
841 3327 1014 3392 ‘Polyaenum
1029 3327 1074 3376 ein

60 3396 273 3458 Schriftsteller,
286 3395 405 3446 welcher
418 3395 498 3445 einen
511 3394 610 3446 Sobata
622 3409 676 3446 von
687 3393 875 3448 Nachriehten
883 3409 896 3459 ,¹
904 3395 948 3446 die
961 3409 1013 3446 nur
1026 3392 1076 3443 aul

59 3465 225 3531 Anordnung
237 3467 357 3528 werten,
371 3462 499 3514 erhalten
510 3460 579 3516 hat)
