2318 3892
152 115 214 177 254
539 113 726 175 BIBAION

152 293 230 376 χίαν
242 290 395 377 μείζονα,
408 283 471 374 τὴν
483 279 628 373 ἡσυχίαν
642 275 714 372 ἦγε.
740 283 857 355 Τινόέ
869 288 1112 375 Καλχηδονίων

152 386 508 479 τειχοφυλακοάντων,
539 385 605 456 άπὸ
629 392 691 459 τοῦ
717 381 932 476 καλουμένου
955 386 1113 479 Ἀφασίου
1143 444 1147 455 ,

153 493 279 582 λόφου,
299 496 541 562 πεντεκαίδεκα
561 487 682 559 στάδια
704 493 763 580 τῆς
782 490 913 573 πόλεως
925 488 1111 581 άπίχοντος,

152 594 295 687 ἤρξαντο
319 592 537 683 μεταλλεόειν
556 589 729 682 ὑπόνομον
749 597 785 663 οί
798 595 940 684 Πέρσαι.
970 592 1063 667 Ἐπεὶ
1079 594 1111 665 ίέ

153 698 235 770 κατά
249 695 311 787 τὴν
332 695 457 787 ἀγοράν
475 694 679 786 ὀρύσσοντες
702 697 884 784 ἐγίνοντο,
896 697 1125 788 παραφόρει-ι

152 830 205 874 υοι
220 805 324 891 ῥίζαις
338 805 407 869 τῶν
422 805 561 885 ἐλαιῶν,
582 806 620 868 αἳ
632 800 710 887 περὶ
727 796 789 888 τὴν
801 795 930 889 άγοράυ
950 800 1108 890 ἐποφόιω·
1145 829 1148 861 ι

152 926 234 989 σαν,
253 901 360 972 νύκτα
379 899 636 991 ἀναμείναντες,
655 899 716 971 τὸν
727 897 901 990 ὑπόνομον
920 899 1106 992 άναστομό-

152 1027 271 1086 σαντες
292 1001 462 1130 ἀνέβησαν
475 1008 509 1086 ἐς
520 1000 583 1092 τὴν
602 1000 746 1093 ἀγοράν,
761 1004 818 1073 καί
837 1001 901 1094 τὴν
919 1003 1025 1077 πόλιν
1035 1002 1106 1075 άνιν

153 1107 257 1199 μάχης
276 1105 360 1176 κατὰ
373 1108 495 1199 κράτος
510 1102 612 1194 εἷλον,
628 1103 923 1196 Καλχηδονίων
885 1133 929 1177 τα
943 1113 1040 1198 τείχη
1050 1134 1104 1197 φτ·

158 1209 356 1280 λαττόυτων.
1115 1228 1130 1270 ¹⁸

120 1333 136 1386 6
230 1321 376 1397 Δαρεῖος
413 1309 567 1396 ἐπολέμει
598 1308 727 1390 Σάκαις
757 1315 855 1400 τριχῆ
890 1253 1147 1402 διῃρημένοις.-

153 1419 246 1493 Μιᾶς
264 1411 425 1499 ἐκράτησε
438 1420 572 1498 μοίρας·
587 1418 657 1483 τῶν
671 1411 710 1482 δέ
721 1419 863 1537 Σαηῶν,
882 1419 1021 1504 μυρίων
1035 1412 1106 1499 ζῶν·

152 1543 221 1585 των
243 1512 395 1584 ἁλόντων
422 1513 480 1593 τάς
499 1516 643 1602 ἐσθῆτας
668 1512 792 1597 (καί
758 1543 818 1585 τον
837 1515 979 1605 κόσμον)
1001 1511 1105 1587 καί
1074 1540 1107 1584 το

153 1616 240 1688 ὅπλα
263 1618 444 1707 περιέθηκε
464 1632 533 1696 τοῖς
546 1619 709 1704 Πέρσαις,
726 1620 783 1686 καί
802 1623 975 1708 προσῆγεν
995 1614 1108 1697 αὖτοός
1127 1632 1130 1637 ’

152 1725 192 1810 τῇ
217 1723 359 1811 δευτέρᾳ
384 1726 484 1810 μοίρᾳ
503 1724 572 1787 τῶν
592 1723 735 1804 Σακῶν,
759 1719 991 1814 νόμφφιλίας
1011 1718 1108 1811 ἣρίρτ

154 1829 358 1912 βαδίζοντας.
393 1825 438 1890 Οἱ
462 1820 499 1890 δὲ
511 1820 639 1907 Σάκαι,
660 1826 707 1915 τῶ
720 1821 861 1910 σχήματι
875 1828 947 1891 τῶν
963 1823 1110 1914 ἐσθήτων

154 1927 298 1994 καὶτῶν
318 1921 433 1992 ὅπλων
456 1923 718 2011 ἐξαπατῶμένοι,
739 1923 958 2014 φιλοφρόνως
972 1933 1109 2015 προσελ-

153 2025 273 2106 θόντες
297 2023 341 2105 ῶς
361 2031 505 2104 οίκείους
530 2023 729 2114 ἠσπάζοντο·
759 2028 889 2116 Πέρσαι
909 2027 965 2115 δὲ,
984 2020 1031 2119 ἦν
1053 2026 1111 2116 γάρ

154 2126 268 2208 αὐτοῖς
282 2127 508 2217 παράγγελμα,
523 2127 649 2208 πάντας
662 2126 862 2216 ἐφόνευσαν,
877 2130 934 2199 καλ
948 2128 1110 2221 μεταβάν-

153 2258 207 2313 τες
233 2233 288 2300 ἐπλ
313 2229 375 2318 τὴν
399 2237 516 2318 τρίτην
541 2245 663 2319 μοῖραν
688 2237 814 2300 Σακῶν
840 2228 960 2321 ιἰμαχελ
986 2231 1112 2305 τούτων

153 2333 356 2422 ἐκράτησαν·
378 2330 459 2401 οὐδὲ
483 2328 548 2421 γάρ
569 2330 792 2421 ἀντέστησαν,
812 2339 882 2405 τῶν
902 2333 967 2405 δύο
988 2338 1113 2427 μοιρῶν

155 2437 425 2528 προηττημένων.

119 2553 136 2608 7
229 2550 385 2628 Δαρεῖος,
399 2540 598 2623 Αἰγυπτίων
611 2531 1111 2667 οόφερόντωνἈρυάνοουτοῦ

154 2638 414 2809 σατράπουτὴυέ
424 2636 576 2726 ὠμότητα
603 2639 661 2705 καί
686 2638 744 2707 διὰ
762 2645 862 2710 τοῦτο
885 2636 1149 2726 αποστάνσων,

154 2771 253 2823 υτος
264 2733 414 2829 ὂιατης
415 2741 522 2829 ρήμου
532 2737 688 2827 Ἀραβίας
701 2732 941 2832 οδευσαςηκεν
953 2750 1005 2825 είς
1017 2746 1108 2833 mp-
1145 2780 1149 2819 ι

153 2867 231 2935 φιν
255 2850 375 2931 ἔτυχον
390 2842 472 2911 &EA
441 2839 671 2928 Αίγόπτιοι
637 2869 697 2912 τον
703 2835 836 2916 Απιν’
816 2850 933 2936 αφανῆ
953 2845 1109 2936 γεγονότα
1145 2880 1149 2921 ι

154 2973 216 3019 κατ
217 2947 380 3025 ’ἐκείνας
397 2941 455 3026 τάς
471 2940 594 3070 ἡμέρας
608 2952 825 3028 πενθοῦντες.
859 2957 1008 3039 Δαριίος
1016 2944 1149 3041 wool-‘2

154 3066 307 3145 γραψε
275 3055 322 3119 τῶ
333 3046 494 3137 ἀγαγόντι
507 3045 566 3117 τόν
580 3039 678 3118 Απιν
690 3049 814 3120 ὃῶσειν
832 3049 954 3123 ἑκατόν
972 3051 1149 3125 tilam*

154 3159 310 3242 χρυσίου
339 3156 412 3221 οἰδ
414 3147 529 3240 λ,τὴν
551 3146 784 3239 εόσέβειαν’
743 3159 848 3224 αυτοῦ
867 3152 1149 3283 λλαυμάριιντες,Ι

153 3253 264 3327 οόκέτι
283 3253 452 3343 μετὰτῶν
463 3250 682 3325 άποστόντωυ
704 3255 905 3347 ἐτράποντο,
924 3252 1013 3329 αλλα
1030 3258 1109 3347 σφᾶς

152 3355 274 3438 αὐτοῦς
287 3361 424 3451 Δαρείφ
439 3359 649 3446 παρέδωκαν.
