2318 3892
110 171 170 233 116
504 169 688 230 ΒΙΒΛΙΟΝ

74 366 90 418 6
183 351 344 434 Χαβρίας,
359 348 407 423 είς
420 348 610 412 Σελλασίαν
621 347 679 431 τῆς
689 347 889 431 Λακωνικῆς
899 338 1054 432 ἐμβαλών,

107 446 228 528 νυκτὸς
253 446 312 516 τόν
331 444 479 535 ποταμὸν
501 443 637 533 διαβάς,
667 453 761 516 λείαν
788 443 921 534 πολλὴν
937 444 1055 535 λαβών,

107 547 169 639 τὴν
182 550 243 639 μέν
257 547 342 636 ύπέρ
355 547 414 620 τὸν
425 547 572 636 ποταμὸν
585 546 618 628 ἐς
631 547 692 638 την
706 555 824 638 φιλίαν
836 547 1054 639 ἀπεπέμψατο·

108 651 206 734 αὐτὸς
226 653 280 741 δὲ,
302 651 381 732 τούς
395 651 517 730 ἀλλους
530 653 731 736 στρατιώτας
751 667 875 740 φαγεῖν
893 649 1055 737 κελεύσας,

106 753 261 844 ἀνέμεινε
280 757 374 844 μέχρι
394 755 557 843 μεσούσης
570 752 711 843 ἡμέρας,
735 760 832 825 τούτο
854 760 1088 851 προσδοκόν,ιἱ

108 855 126 928 ὃ
148 858 189 947 δὴ
210 862 266 929 καὶ
286 857 429 945 ἐγένετο.
472 862 518 926 OC
535 856 598 948 γαρ
618 858 878 945 Λακεδαιμόνιοι
900 859 1056 946 μαθόντος

108 956 351 1050 ἐξεβοήθησαν,
381 958 424 1042 ώς
446 957 709 1050 ἀφαιρησόμενοι
731 959 793 1050 τὴν
812 967 909 1031 λείαν
930 957 991 1032 ἐπὶ
1008 967 1056 1032 τού

107 1071 273 1153 ποταμοῦ,
302 1067 358 1133 καὶ
385 1069 517 1152 σπουδῇ
550 1063 731 1154 δραμόντες
759 1063 913 1135 διακόσια
935 1064 1056 1150 στάδια,

106 1167 322 1254 κεκμηκότες,
344 1165 561 1252 ἀσύντακτοι,
588 1168 825 1256 διεσπαρμένοι
853 1165 936 1255 πρὸς
959 1168 1057 1257 μάχην

106 1262 192 1359 ἦσαν
205 1269 370 1358 ἄχρηστοι.
394 1266 429 1338 Ὁ
444 1270 497 1354 δέ,
511 1256 588 1350 τούς
602 1266 706 1339 αὑτοῦ
720 1270 920 1358 στρατιώτας
934 1278 1056 1360 βεβρω-

106 1373 222 1460 κότας,
249 1372 566 1461 ἀναπαυσαμένους,
592 1376 877 1462 συντεταγμένους
894 1394 1057 1462 προσαγα-

106 1476 196 1564 γών,
211 1480 335 1568 ῥᾳδίως
348 1473 426 1555 τούς
440 1482 614 1556 πλείστους
627 1472 741 1546 αύτών
755 1479 964 1564 διέφθειρεν.

73 1595 88 1648 7
177 1571 1059 1672 Χαβρίαςῆνε’νΑίγύπτω,στρατηγῶντῷβασιλείτάν

105 1688 313 1769 Αίγυπτίων.
342 1688 409 1751 Τού
422 1687 564 1770 Περσῶν
572 1684 735 1770 βασιλέως
745 1680 1059 1770 ἐπιστρατεύσαντος

105 1792 185 1873 πεζῇ
195 1787 337 1873 δυνάμει
347 1788 403 1856 καί
416 1791 570 1874 ναυτικῇ,
581 1782 599 1854 ὁ
612 1791 681 1856 τών
691 1791 886 1876 Αίγυπτίων
892 1785 1057 1874 βασιλεύς,

107 1894 192 1968 ναός
205 1888 328 1968 πολλὰς
344 1895 446 1977 ἔχων,
461 1884 580 1977 ἠπόρει
594 1887 825 1978 πληρωμάτων
838 1909 1058 1979 συγκεκροτη·

107 1992 229 2079 μένων.
255 1998 420 2079 Χαβρίας,
442 1993 620 2074 καταλέξας
641 1997 839 2079 Αἰγυπτίων
858 1991 967 2079 (τούς)
981 2020 1057 2063 νεω-

107 2093 239 2180 τάτους,
268 2093 403 2174 ίκανούς
423 2100 597 2181 πληρώσαι
622 2101 705 2174 ναῦς
731 2100 920 2181 διακοσίας,
943 2093 1059 2178 ἐξελών

105 2195 163 2276 τάς
178 2196 291 2277 κώπας
306 2203 374 2266 τών
386 2196 549 2287 τριήρων,
571 2195 652 2280 ξύλα
665 2195 775 2286 μακροὶ
789 2197 998 2289 παραβαλών
1012 2196 1057 2269 ἐπὶ

103 2299 162 2368 τὸν
193 2298 361 2388 αἰγιαλὸν,
382 2296 466 2368 ὥστε
488 2298 544 2388 ἐφ’
570 2305 630 2370 ἕνα
643 2307 837 2389 καθῆσθαι,
858 2298 939 2383 δούς
953 2299 1056 2380 αὐτοῖς

101 2401 163 2482 τοίςΙ
178 2400 291 2483 κώπας
310 2406 366 2472 καί
380 2402 558 2484 κελευστὰς
571 2410 639 2473 τών
656 2403 852 2491 διγλώσσων
874 2399 1055 2494 ἐπιστήσας,
1074 2447 1080 2462 ·

100 2504 228 2592 ὀλίγαις
247 2503 385 2596 ἡμέραις
406 2504 563 2577 ἐλαύνειν
585 2504 707 2586 αύτούς
728 2504 897 2592 ἐδίδαξεν,
919 2506 1056 2591 [καὶτὰς

102 2615 195 2691 ναύς]
210 2607 334 2694 ε’ρετών
348 2613 667 2700 συγκεκροτημένων
682 2607 887 2698 ἐπλήρωσεν.

67 2722 85 2774 8
177 2719 327 2806 Χαβρίας
355 2709 454 2782 ὁπότε
477 2713 700 2799 νεοσύλλογον
729 2720 798 2800 έχοι
829 2712 978 2801 δύναμιν
1008 2713 1055 2781 καί

102 2815 215 2902 μέλλοι
228 2813 509 2902 παρατάττεσθαι,
525 2815 647 2886 διάτοῦ
657 2815 803 2904 κήρυκος
816 2812 973 2887 ἐκέλευσε
985 2813 1055 2894 τούς

100 2916 278 3007 ἀρρώστως
299 2924 433 3004 ἔχοντας
446 2921 546 3006 χωρίς
561 2925 720 2988 τίθεσθαι
734 2917 774 2988 τά
787 2915 884 2988 ὅπλα.
910 2915 1006 2989 Ὅσοι
1024 2916 1056 2988 δέ
1085 2996 1087 3003 Ι

102 3022 206 3091 δειλοί
227 3022 284 3090 καὶ
298 3017 488 3108 ἀρρωστίαν
500 3022 781 3110 προσποιούμενοι
794 3023 894 3110 χωρίς
908 3019 1056 3092 ἐτίθεντο

100 3124 141 3193 τὰ
153 3122 256 3210 ὅπλα,
274 3123 403 3204 τούτοις
419 3118 452 3203 ἐς
466 3124 528 3210 μὲν
544 3123 606 3214 τὴν
618 3125 726 3214 μάχην
739 3121 801 3195 οὐκ
817 3121 951 3213 ἐχρῆτο·
973 3122 1009 3206 ἐς
1024 3122 1057 3194 δέ

99 3225 156 3306 τάς
177 3226 443 3315 προκαταλήψεις
462 3233 530 3297 τών
552 3225 684 3316 ὀχυρῶν
702 3227 834 3312 τόπων,
854 3233 912 3298 ἵνα
925 3225 963 3299 τό
977 3233 1058 3316 γοῦν

99 3336 229 3419 πλῆθος
244 3327 506 3419 ἐπιφαινόμενον
519 3327 631 3399 αὐτῶν
646 3329 753 3419 φόβον
768 3327 978 3419 ἐνεργόζοιτο
991 3346 1055 3411 τοῖς
1070 3363 1088 3407 ν

98 3440 279 3521 πολεμίοις.
318 3437 449 3519 Καιρού
474 3433 512 3504 δέ
542 3432 769 3522 παραστάντος
797 3431 902 3506 ἐποίει
935 3437 1059 3524 ταχέως

98 3533 454 3623 αύτούςάπομίσθους.
