2318 3892
497 112 681 173 ΟΓΔΟΟΝ.
728 154 730 158 =
1010 114 1072 176 325

104 288 166 372 ζήν
184 279 263 372 μετ’
284 279 431 352 αότάν.”
465 285 533 353 Καὶ
556 281 597 373 δή
618 281 700 373 πρὸς
720 279 822 363 αὑτάς
844 287 1018 375 ἐνείμαντο
1032 285 1073 356 τά

105 394 189 475 ἔργα
202 390 266 455 τοῦ
280 387 444 473 πολέμου·
466 384 670 474 έτάφρευον,
685 383 850 473 όόρυττον,
865 384 951 456 όπλα
966 409 1070 477 προσ·

105 491 250 579 ἔφερον,
281 485 405 576 δόρατα
425 492 570 576 ἔθηγον,
588 485 667 569 τούς
685 491 970 577 τιτρωσκομελιονς
991 494 1069 561 έθε-

105 589 270 677 ράπευον,
285 587 436 660 ὥστεκαὶ
450 594 485 658 οί
495 588 655 671 Λάκωνες
669 587 901 680 εότολμότεροι
916 589 998 681 πρός
1011 591 1071 661 τόν

104 688 223 781 ἀγῶνα
236 693 402 780 έγένοντο,
416 689 478 780 τήν
491 689 635 782 ἀνδρίαν
649 696 718 762 τάν
730 698 902 781 γυναικοῖν
916 690 1070 783 ὁρῶντες,

67 820 90 861 ε
105 797 163 866 καλ
180 792 242 865 τόν
256 793 397 886 Πύρρον
409 791 671 886 ἀπεκρούσαντο.

464 974 506 1029 ιο.
526 976 706 1029 ΛεοΔιΚΗ.
835 960 840 967 “

175 1096 341 1187 Ἀντίυχος
354 1094 373 1168 ὁ
386 1102 673 1190 προσαγορευθείς
687 1095 771 1181 Θεὸς
784 1104 885 1189 ἔγημε
898 1105 1070 1191 Λαοδίκην

55 1278 67 1301 Β
105 1197 313 1292 ὁμοπατρίαν
332 1198 501 1293 ἀδελφήν,
524 1206 556 1286 ἐξ
579 1193 619 1294 ής
638 1199 732 1297 αὐτῷ
751 1217 830 1284 παῖς
848 1205 981 1291 ἐγένετο
999 1206 1066 1275 Σέ-

62 1332 93 1375 1⁰
108 1313 234 1386 λευκος.
281 1305 456 1393 Δευτέραν
489 1313 590 1394 ἔγημε
615 1312 819 1396 Βερονίκην,
855 1314 1068 1395 Πτολεμαίου

106 1407 269 1495 βασιλέως
286 1408 474 1497 θυγατέρα,
500 1409 534 1491 έξ
562 1397 601 1496 ής
622 1405 798 1478 ἀπολιπών
821 1414 927 1478 παῖδα
946 1409 1068 1500 νήπιον

106 1508 319 1597 έτελεότησε,
335 1509 494 1598 διάδοχον
505 1515 562 1600 τής
575 1507 677 1598 ἀρχῆς
690 1506 868 1591 ἀποδείξας
884 1514 1067 1582 Σέλευκον.

104 1616 256 1700 Λαοδίκη
268 1609 328 1683 τόν
348 1614 386 1681 έκ
406 1616 462 1701 τῆς
475 1619 657 1701 Βερονίκης
675 1607 951 1699 ὑποτρεφόμενον
969 1608 1066 1682 ἀναι-

55 1702 60 1725 Ι.

55 1732 83 1853 χ
104 1718 250 1804 ρεθήναι
271 1712 480 1803 διεπράξατο.
514 1720 678 1802 Βερονίκη
692 1716 865 1803 προῆλθεν
878 1717 912 1793 ές
929 1711 967 1783 τό
981 1719 1065 1804 πλή-

55 1834 91 1915 5¹⁵
103 1828 165 1897 θος
186 1819 306 1904 ίκέτις,
328 1823 424 1886 ἔλεον
442 1818 498 1886 καὶ
511 1814 676 1905 βοήθειαν
688 1813 779 1905 παρὰ
791 1819 860 1885 τοῖν
873 1811 1068 1906 ἀρχομένων

55 1938 57 1943 “
101 1920 295 2008 αίτουμένη.
334 1923 380 1988 Οί
403 1918 440 1987 δέ
465 1916 525 1987 τόν
550 1925 655 1988 παῖδα
682 1917 926 2008 πεφονευκότες
951 1922 1067 2006 ἕτερον

102 2025 260 2101 ἐπιεικῶς
279 2018 395 2111 ὅμοιον
414 2018 608 2109 προήγαγον
622 2026 656 2103 ές
675 2021 712 2091 τό
731 2025 878 2110 πλῆθος,
901 2017 945 2102 ὥς
964 2019 1067 2092 αὐτόν

102 2120 348 2211 έκεῖνονόντα,
361 2123 618 2212 περιστήσαντες
632 2120 722 2218 αὐτῷ
741 2121 804 2212 τήν
816 2123 995 2213 βασιλικήν
1009 2130 1065 2193 δο-

103 2231 295 2316 ρυφορίαν·
329 2232 370 2317 τῇ
398 2226 435 2295 δὲ
462 2233 629 2315 Βερονίκη
660 2222 817 2313 φυλακήν
844 2225 1067 2314 μισθοφόρων

55 2343 85 2400 ἓο
103 2331 269 2400 Γαλατῶν
281 2331 476 2417 ἐπέστησαν,
485 2329 541 2398 καὶ
554 2327 657 2398 τόπον
666 2333 797 2398 ἔδωκαν
806 2333 874 2396 τῶν
885 2334 1067 2416 βασιλείων

101 2429 332 2522 ὀχυρώτατον,
358 2433 415 2501 καλ
433 2429 553 2521 ὅρκους
578 2432 635 2501 καλ
660 2429 834 2519 συνθήκας
861 2432 1067 2500 ἐσπείσαντο.

99 2533 315 2658 Ἀριστάρχου
343 2535 380 2603 δέ
406 2538 523 2620 ίατροῦ
546 2539 709 2620 Βερονίκη
733 2530 892 2611 συνόντος
914 2533 971 2601 καλ
993 2538 1065 2601 πεί-

103 2659 225 2715 σαντος
238 2633 344 2725 αυτήν
357 2637 558 2725 συνθέσθαι,
573 2631 593 2724 ή
607 2634 669 2723 μὲν
682 2638 893 2704 ἐπίστευσεν·
905 2639 941 2704 οί
952 2634 1005 2721 δὲ,
1021 2640 1067 2728 τῷ

103 2737 195 2833 ὅρκῳ
215 2737 459 2828 στρατηγήματι
482 2736 701 2825 χρησάμενοι,
723 2733 785 2826 τήν
797 2743 984 2827 Βερονίκην
1003 2734 1064 2805 αό-

63 2871 87 2912 25
104 2848 182 2912 τίκα
194 2839 440 2932 προσπεσόντες
455 2845 617 2909 ἔκτειναν.
649 2844 698 2908 Αί
716 2838 753 2908 δὲ
766 2837 854 2928 ἀμφ’
875 2836 982 2926 αὐτήν
1002 2865 1064 2924 γυ·
1086 2884 1094 2899 .

104 2958 219 3024 ναῖκες
245 2939 528 3031 ὑπερασπίζουσαι
556 2943 816 3031 προσαπέθανον
837 2944 876 3009 αί
896 2945 1063 3019 πλείονες·

103 3043 354 3138 Παναρίστηδὲ
380 3044 438 3113 καὶ
464 3050 586 3113 Μανία
611 3045 668 3112 καλ
687 3040 887 3132 Γηθοσόνη,
906 3037 943 3109 τό
970 3044 1066 3131 σῶμα

104 3144 533 3239 τήςΒερονίκηςκρόψασαι
544 3144 628 3215 κατά
644 3150 724 3233 γήν,
740 3144 858 3232 ἑτέραν
865 3145 1065 3213 κατέκλιναν

105 3247 151 3332 ὥς
163 3254 298 3339 έκείνηυ
319 3256 367 3337 ἔτι
390 3253 498 3334 ζῶσαν
516 3250 573 3318 καὶ
587 3246 624 3317 τό
640 3249 771 3335 τραῦμα
788 3247 1066 3334 θεραπευομένην

63 3350 171 3432 εο,ὑπδ
185 3350 325 3423 τούτων.
339 3353 407 3422 Καὶ
415 3352 470 3421 ἐπὶ
481 3355 640 3420 τοσοῦτον
652 3356 789 3419 έπεισαν
796 3345 873 3428 τοὺς
885 3343 1067 3434 ὑπηκόους,

105 3452 158 3545 ἐφ’
177 3451 259 3526 ὅσον
271 3455 523 3545 μεταπεμφθεὶς
535 3447 589 3522 ὑπ’
606 3447 719 3522 αὐτόν
732 3459 939 3539 Πτολεμαῖος
951 3438 1033 3539 ήκευ
1049 3445 1067 3518 ό
