2318 3892
460 167 645 228 ΒΙΒΛΙΟΝ

455 398 498 456 5⁴3.
517 401 656 454 ΑΜΑΓΗ.

146 544 288 632 Ἀμάνη,
306 540 393 631 γυνή
407 541 638 630 Μηδοσάκκου
659 541 823 630 βασιλέως
838 545 1035 630 Σαρματῶν

70 654 137 716 τῶν
153 645 206 716 εἰιλ
222 646 284 735 τήν
297 642 468 733 Ποντικήν
481 649 650 733 παραλίαν
663 641 907 732 καθηκόντων,
920 638 1035 732 ὁρῶσα

71 749 131 819 τόν
145 749 254 833 ἀνδρα
267 753 379 839 τρυφή
393 749 598 836 προσέχοντα
611 747 667 815 καὶ
684 748 792 835 μέθη,
816 743 903 837 αύτή
916 745 983 834 μὲν
994 744 1034 815 τά

71 850 178 922 πολλά
192 849 360 936 ἐδίκαζεν,
383 848 469 938 αὐτή
492 850 530 920 δὲ
542 851 599 919 καλ
612 846 671 928 τάς
685 847 840 936 φυλακάς
852 854 911 937 τής
924 847 1035 937 χῶρας
1049 879 1059 917 5

71 963 254 1025 καθίστατο
266 955 323 1022 καὶ
335 952 393 1032 τάς
406 950 588 1040 ἐπιδρομάς
596 955 666 1021 τῶν
675 957 846 1038 πολεμίων
854 949 1035 1022 ἀνέστελλε

71 1059 127 1127 καὶ
154 1073 224 1136 τοῖς
259 1054 493 1144 ἀδικουμένοις
526 1059 595 1124 τῶν
621 1062 812 1148 προσοίκων
839 1054 1033 1143 συνεμάχει.

71 1162 139 1228 Καὶ
165 1158 202 1229 τό
227 1161 322 1238 κλέος
348 1156 451 1246 αύτής
476 1154 631 1245 λαμπρὸν
654 1148 699 1245 ήν
718 1153 783 1226 ἀνά
803 1155 934 1237 πάντας
958 1155 1034 1236 τούς

71 1259 230 1346 Σκύθας,
256 1258 340 1329 ῶστε
355 1262 412 1329 καὶ
437 1264 472 1328 οί
498 1256 582 1348 [τήν]
607 1257 777 1347 Ταυρικήν
797 1265 1034 1339 κατοικοῦντες

71 1373 333 1452 Χερρονησίται,
356 1365 467 1442 κακῶς
485 1360 667 1450 πάσχοντες
687 1358 754 1430 ἀπὸ
780 1366 842 1430 τού
868 1364 1032 1450 βασιλέως
1048 1391 1065 1429 ιι

71 1472 141 1535 τῶν
161 1466 418 1554 παρακειμένων
439 1469 608 1552 Σκυθῶν,
633 1463 822 1553 ἐδεήθησαν
847 1461 1033 1554 αύτήςηε-

72 1572 192 1638 νέσθαι
213 1567 390 1658 σύμμαχοι.
418 1564 463 1636 Ἡ
479 1567 517 1637 δὲ
534 1564 572 1637 τό
593 1567 656 1656 μὲν
676 1571 811 1656 πρῶτον
829 1570 1033 1653 ἐπέστειλεν,
1068 1587 1070 1603 “

72 1671 255 1760 ἀπέχεσθαι
265 1669 485 1760 Χερρονήσου.
496 1668 695 1740 κελεύουσα·
710 1664 756 1749 ῶς
770 1670 808 1740 δέ
822 1670 1033 1760 κατεφρόνη-

72 1795 133 1844 σευ
151 1771 169 1842 ό
192 1773 351 1861 Σκύθης,
371 1777 612 1862 παραλαβοῦσα
631 1770 750 1847 ἑκατὸν
763 1783 892 1842 είκοσιν
906 1770 1034 1860 ἀνδρας

72 1873 268 1964 τούςψνχήν
280 1876 337 1945 καί
348 1881 442 1964 σῶμα
452 1871 710 1964 ἀλκιμωτάτους,
724 1892 813 1964 τρεῖς
820 1879 947 1958 ἵππους
955 1875 1031 1947 ἑκά-
1047 1906 1067 1945 ιι

71 2000 139 2070 στω
160 1982 358 2065 παραδοῦσα
380 1980 538 2064 διέδραμε
551 1975 673 2057 νυκτός
686 1981 762 2066 μιάς
773 1978 830 2048 καί
842 1973 971 2068 ἡμέρας
982 1986 1030 2067 χί-

71 2091 126 2150 λια
139 2082 195 2150 καί
210 2078 362 2149 διακόσια
375 2078 505 2165 στάδια,
525 2081 582 2148 κοιλ
593 2095 663 2158 τοῖς
679 2087 860 2168 βασιλείοις
873 2083 1031 2170 ἐξαίφνης

71 2186 230 2253 ἐπιστᾶσα
257 2179 334 2263 τούς
361 2181 423 2271 μὲν
451 2182 507 2251 ἐπὶ
531 2187 653 2270 θυρῶν
670 2179 819 2263 ἅπαντας
844 2179 1030 2267 ἀπέκτεινε.

75 2290 152 2354 Τῶν
173 2286 209 2354 δὲ
228 2290 381 2354 Σκυθῶν
401 2279 446 2363 ῶς
466 2287 504 2353 ἐν
531 2280 772 2378 ἀπροσδοκήτῳ
800 2289 905 2378 δεινῶ
925 2313 1028 2377 ταρα-

70 2392 224 2477 χθέντων
237 2388 295 2456 καὶ
313 2386 543 2475 νομισάντων,
558 2383 620 2475 ούχ
633 2384 733 2470 ὅσους
757 2395 902 2478 ἔβλεπον
921 2386 1031 2479 ήκειν,
1046 2421 1065 2461 κ

70 2489 155 2560 ἀλλά
170 2495 282 2582 πολλῶ
294 2496 450 2570 πλείονας
458 2488 544 2559 εἶναι
558 2488 636 2570 τούς
644 2492 896 2580 ἐπερχομένους,
908 2489 1033 2582 Ἀμάνη

70 2590 151 2682 μεθ’
173 2585 211 2682 ἧς
235 2593 323 2681 εἶχεν
344 2588 447 2682 όρμής
463 2595 496 2672 ές
509 2590 546 2661 τδ
561 2600 733 2682 βασίλειον
745 2598 954 2684 έμπεσούσα,
975 2593 1033 2667 τόν

70 2693 217 2783 Σκύθην
239 2698 295 2764 καὶ
313 2693 391 2776 τούς
411 2694 575 2775 συνόντας
600 2692 693 2787 αύτῷ
711 2711 889 2785 συγγενεῖς
901 2699 960 2768 καλ
974 2706 1031 2786 φί-

70 2806 149 2878 λους
175 2794 399 2866 ἀποκτείνασα
422 2805 682 2887 Χερρονησίταις
700 2799 763 2888 μέν
789 2795 945 2871 ἀπέδωκε
972 2798 1032 2890 τήν

69 2897 198 2989 χῶραν,
226 2903 273 2992 τῶ
302 2899 339 2969 δέ
365 2901 461 2968 παιδὶ
487 2900 548 2969 τού
571 2904 828 2991 πεφονευμένου
848 2899 911 2991 τήν
933 2910 1062 2992 βασι·ιι

69 3008 163 3071 λείαν
182 3007 378 3090 ἐνεχείρισε,
400 3000 661 3092 παρεγγυήσασα
682 3009 819 3085 δικαίως
836 3002 957 3094 άρηειν
976 3006 1031 3077 καλ

68 3102 251 3193 ἀπέχεσθαι
264 3102 625 3195 τῶνπροσοικούντων
639 3101 809 3197 Ἑλλήνων
828 3109 885 3177 καλ
900 3107 1030 3200 βαρβά-

69 3234 155 3295 ρων,
171 3205 301 3295 ὁρῶντα
317 3206 353 3277 τό
368 3209 460 3288 τέλος
474 3213 535 3278 τού
547 3207 679 3298 πατρός.

430 3385 470 3440 τι.
488 3353 664 3443 Rumon.

146 3506 297 3598 Ἀρσινόη
318 3511 515 3602 Λυσιμάχου
537 3517 598 3582 τού
615 3511 738 3603 ἀνδρὸς
759 3510 1064 3603 τελευτήσαντος,ο
