2318 3892
115 192 156 254 56
503 191 694 255 ΒΙΒΛΙΟΝ

116 379 229 445 ναῖκες
242 361 355 488 αότοὸη
369 361 476 434 καλ
439 391 480 433 τα
497 363 598 434 τέκνα
615 363 727 435 καί
690 393 731 437 τα
753 361 929 456 ἐλεύθερα
942 366 1070 458 σύμοτο,
1112 375 1118 435 λ

117 452 348 553 άνέζενξεν,’
326 494 370 547 ως
382 493 628 555 απεγνωκοτων
639 496 678 540 το
664 466 749 558 ζην
761 469 818 539 καί
834 468 899 541 διὰ
914 468 1070 543 τούτοάτ·
1112 496 1118 538 ι

120 573 317 660 δρειοτέρως
332 571 563 659 μαχουμένων.
649 592 654 611 ·

68 697 102 752 29
192 669 400 763 Ἀγησίλαος,
414 670 530 762 ἐπειδὴ
544 669 804 762 Λακεδαιμόνιοι
816 672 1070 747 κατακλεισθέο-
1115 703 1118 741 ι

119 803 173 857 τες
193 786 272 847 εῖσω
294 780 352 865 της
365 770 562 865 Σπάρτης
543 802 609 846 υπο
598 773 800 864 Θηβαίων,
826 772 897 848 οὐκ
910 772 1118 905 ἐφεροντο

119 876 281 969 τειχήρεις
308 876 390 968 μετά
418 886 487 949 τάν
515 885 689 968 γυναικῶν
717 891 988 969 φρουρεῖσθαι,
1014 876 1070 951 άλί

120 980 366 1066 ἐπεξελθόντες,
388 983 549 1069 γενναῖόν
565 1009 598 1050 τι
615 976 796 1072 δράντεςῆ
810 978 996 1074 κρατεῖνῆ
1009 979 1073 1053 άτο
1109 1054 1115 1069 ,

119 1097 243 1155 θανεῖν
283 1080 446 1172 ᾑροῦντο,
489 1081 678 1172 άπέτρεψεν
716 1080 841 1167 αὐτούς
879 1083 1075 1179 ἀναμνήσας,

119 1184 170 1258 δτι
188 1188 245 1257 καί
265 1181 359 1275 ἡμεῖς
377 1212 457 1257 ποτε
466 1183 668 1275 Ἀθηναίους
685 1184 851 1276 τειχήρεις
863 1190 1075 1281 ἐποιήσαμεν·

119 1292 154 1360 οί
174 1288 213 1360 δὲ
238 1285 300 1359 οὐκ
326 1286 472 1378 ἠξίωσαν
495 1288 731 1372 ἐπεξελθόντες
756 1286 883 1372 αύτούς
918 1288 1095 1364 άναλύσισ

120 1391 263 1478 πάντας,
289 1388 374 1462 άλλά
392 1398 451 1483 τῆς
473 1392 602 1474 πόλεως
621 1393 679 1463 καὶ
698 1398 768 1464 τάν
785 1398 926 1483 τειχῶν·
939 1395 1075 1485 φύλακοι

119 1493 403 1583 καταστησάμενοι
413 1491 535 1575 αὑτοδς
549 1495 763 1582 διεσώσαντο,
777 1501 848 1567 τῶν
859 1496 1076 1591 πολιορκούτ·
1116 1524 1118 1561 =

119 1623 189 1668 των
202 1598 423 1685 πονηθέντων
444 1603 491 1693 τῷ
505 1597 615 1693 χρόνῳ
629 1600 685 1669 καί
699 1595 812 1669 αύτύν
832 1598 994 1673 ἑκόντων
1008 1598 1076 1671 άνο·

120 1700 282 1770 στάντων.
542 1695 544 1699 ’

68 1825 104 1878 30
196 1801 387 1892 Ἀγησίλαος
407 1804 444 1871 ἐν
457 1797 550 1894 Ἀσίηι
563 1806 659 1872 λείαν
671 1793 734 1892 ἦγε
753 1800 904 1893 πολλὴν,
924 1808 999 1877 τιὸν
1011 1810 1079 1895 βαρ·
1099 1866 1102 1875 .

121 1905 237 1996 βάρων
246 1905 467 1993 ἐπικειμένων
476 1906 533 1976 καὶ
545 1903 751 1987 τοξευόντων
759 1907 818 1976 καὶ
829 1903 1079 1993 άκοντιξόντοσ

39 2092 43 2099 ¹
120 2005 185 2079 ὁδ’
203 2003 302 2086 όσους
324 2005 392 2094 εἶχε
406 2011 530 2076 τῶνί
493 2035 514 2075 α
516 2006 711 2096 ίχμαλάτων
732 2007 931 2100 βαρβάρους
950 2008 1080 2101 δεδερί·

121 2137 202 2190 νονς
227 2107 351 2198 μόνους
369 2109 529 2197 προέταξε
514 2115 614 2180 ετοῦ
640 2116 879 2201 στρατοπέδου.
916 2117 965 2185 Ol
986 2132 1081 2204 προσ·

122 2219 287 2301 κείμενοι,
318 2216 548 2338 γνωρίσαντες
580 2210 658 2294 τοὺς
690 2220 761 2286 οίκε
763 2218 854 2303 ίονς,
894 2217 1082 2288 ἐπαύσαντο

121 2313 325 2406 άφιέντες
289 2342 329 2384 τα
344 2316 436 2403 βέλη.
870 2372 876 2381 .
1112 2366 1117 2379 .

71 2415 677 2507 31Ἀγησῖλαος,εῖςῖΜένδαν
707 2414 942 2502 άττικίζονσαν
977 2420 1083 2509 λάθρα

123 2519 244 2601 νυκτός
265 2517 466 2611 παρελθόν,
483 2546 521 2588 το
510 2516 788 2609 καρτερώτατον
802 2525 861 2611 τῆς
874 2520 1012 2607 πόλεως
1028 2550 1082 2593 κα·

122 2621 270 2711 τασχοόν,
290 2630 359 2693 τῶν
377 2627 566 2692 Μενδαίων
581 2619 862 2710 ἀγανακτούντων
876 2627 936 2695 καὶ
955 2627 1083 2714 σπουδῇ

122 2725 362 2796 συνελθόντων
392 2730 440 2806 είς
466 2728 662 2814 ἐκκλησίαν,
689 2723 841 2813 ἐπιστάς,
854 2723 889 2774 ·“
898 2724 984 2816 11²²,
1012 2735 1083 2817 ἔφη,

117 2825 367 2918 “θορυβεῖσθε;
395 2855 412 2897 ο
415 2824 517 3000 ίηάρ
537 2822 667 2916 ἡμίσεις
683 2823 782 2956 ὑμῶν
805 2834 1016 2902 κοινωνοῦσι
1031 2834 1107 2920 τῆν’

122 2935 361 3021 προδοσίας
315 2958 383 2999 των
401 2933 459 3019 ἐμο
461 2929 736 3020 καταλαβεῖν
699 2959 762 3021 την
774 2931 874 3003 πόλιν
879 2932 1118 3061 παρηισχίν-

122 3031 227 3105 των.”
257 3038 493 3119 ΟίΜενδαῖοι,
508 3029 705 3124 άλληλους
686 3035 859 3119 υπόπτους
869 3031 1084 3159 ηγησάμινοι,
1114 3022 1118 3115 ί

123 3163 181 3226 της
194 3141 337 3225 ταραχῆς
351 3135 550 3207 ἐπαύσαντο
630 3205 635 3213 ,

72 3254 107 3307 32
195 3234 296 3327 Ἀγησ
298 3246 390 3320 ίλαος
410 3237 488 3319 τοὺς
506 3237 662 3321 ἐνδόξους
676 3239 732 3308 καὶ
746 3245 957 3328 πολυφίλους
969 3247 1084 3331 αἰχμα-

123 3340 291 3423 λάτους”
270 3339 354 3411 ἀνευ
374 3341 507 3431 λύτρων
530 3338 712 3429 ἀπεδίδου,
737 3347 845 3414 ποιῶν
862 3340 991 3427 αύτούς
1008 3340 1084 3416 dat·
1070 3369 1115 3411 ·ιι

123 3465 223 3525 στους
236 3442 328 3533 παρὰ
340 3459 409 3526 τοῖς
422 3451 582 3525 πολίταις.

70 3561 105 3618 3³
193 3545 389 3638 Ἀγησίλαος
416 3550 538 3629 ἐνταῖς
560 3552 811 3639 διαπρεσβείαις
827 3543 984 3638 ηξίον”
933 3574 1017 3623 των
1023 3572 1086 3619 πο·
