2318 3892
109 154 171 215 206
499 148 686 212 ΒῙΒΛΙΟΝ
1069 35 1077 277 1

4 368 5 371 ¹
108 338 230 410 λυσεν,
249 326 305 394 ἐπὶ
328 325 366 394 δὲ
385 320 489 393 τόπον
509 326 570 393 ἕνα
589 322 804 412 συνεχώρησε
831 327 889 397 καλ
908 341 980 410 τοῖς
999 339 1055 418 ληι-

108 433 256 520 ζομένοις
283 426 468 516 ἀπέχεσθαι
493 432 554 496 τοῦ
582 426 688 496 τόπου
709 428 831 497 τούτου
858 433 1057 519 προσέταξεν.

109 538 155 602 Οί
173 533 211 602 δὲ
234 534 271 600 έκ
293 538 350 620 της
373 530 501 610 πόλεως
521 528 627 610 όδεοῖς
647 533 797 600 ἐνταῦθα
820 534 1002 626 προῄεσαν.
1032 531 1058 604 ‘0

108 636 145 706 δὲ
174 633 263 723 παρὰ
288 639 356 704 τῶν
384 638 520 702 σκοπῶν
547 629 591 713 ὡς
612 640 717 722 ἔμαθε
738 632 817 715 τούς
839 633 986 726 ἥκοντας
1003 635 1058 722 [όν-

106 747 176 822 τας]
191 736 335 818 πολλοὺς
342 790 351 823 ,
366 739 564 825 ἐπιθέμενος
576 734 656 816 τούς
667 744 846 820 πλείστους
858 736 976 811 αὐτῶν
988 744 1059 830 έχειὲ

108 842 248 932 ροόσατο.

72 966 90 1019 ς
183 946 379 1032 Πομπίσκος
391 946 515 1030 χωρίον
535 944 745 1028 πολιορκῶν,
767 943 858 1014 ἑλείν
876 938 940 1035 οόχ
954 937 1022 1027 οίός
1032 973 1061 1016 τε

108 1044 156 1118 τόν
181 1051 334 1135 καθῆκεν
362 1041 549 1132 αὐτόμολον
577 1041 802 1131 ἀγγέλλοντα,
829 1042 875 1127 ὥς
897 1045 1063 1139 Ἀρκόδσκ

106 1148 210 1219 αὐτόν
235 1148 541 1235 μεταπεμπομένων
565 1144 723 1234 ἀποροίη,
751 1152 822 1229 πῶς
848 1145 893 1221 όν
911 1149 1077 1223 ἀπολίποι,

104 1251 167 1341 την
181 1256 393 1339 πολιορκίαν·
416 1254 450 1317 οί
461 1249 498 1318 δέ
518 1245 680 1337 ἡσθέντες
694 1252 749 1319 καὶ
763 1249 833 1339 μετ’
850 1251 892 1322 οὐ
907 1254 998 1325 πολδ
1011 1255 1077 1344 τηντ

106 1351 264 1443 στρατιὰν
291 1349 533 1441 ἁναχωροῦσαν
559 1351 705 1438 ἰδόντες,
744 1353 864 1425 πιστόν
895 1357 987 1429 είναι
1013 1358 1077 1428 τόν1

106 1456 293 1545 αὐτόμολον
326 1450 523 1543 ἡγούμενοι,
558 1455 784 1543 προελθόντες
807 1456 918 1529 πολλοὶ
946 1463 985 1547 ἐκ
1011 1466 1063 1532 τοῦ

105 1560 332 1650 στρατοπέδου
352 1557 543 1646 διήρπαζον.
583 1555 618 1626 ‘0
639 1558 675 1628 δὲ
689 1568 885 1647 Πομπίσκος
905 1560 1060 1654 όιναστρί

104 1680 186 1750 ηας,
216 1663 433 1748 ἐπιθέμενος,
461 1658 661 1749 καταλαβών
686 1663 870 1751 ἐκράτησεν
893 1664 1009 1738 αὐτόν
1031 1692 1058 1736 τι

7 1805 12 1815 ·
104 1770 160 1836 καὶ
174 1772 234 1834 τοῦ
246 1769 382 1852 χωρίου.

71 1898 87 1945 5
181 1876 393 1956 Πομπίσκος,
413 1871 470 1934 ἵνα
489 1871 617 1936 θᾶττον
639 1867 672 1935 οί
689 1867 894 1939 κατάσκοποι
919 1872 990 1942 τεόν
1006 1864 1077 1941 τοι

105 1979 230 2060 λεμίων
245 1966 451 2052 ἁλίσκοιντο,
474 1968 626 2049 εἰσόδους
640 1965 755 2057 ὀλίγας
775 1978 816 2020 **
831 1971 868 2042 τό
882 1974 1051 2061 στρατόπε·
1070 1978 1077 2040 ι·

105 2081 165 2143 δον
180 2077 286 2142 ἐτίθει
300 2067 379 2158 παρ’
405 2067 507 2149 αὐτός
523 2073 578 2140 ἐπὶ
595 2069 748 2161 ὑψηλοῦ·
769 2076 826 2143 καί
839 2091 910 2156 τοῖς
923 2103 1051 2167 πορενο·
1070 2104 1077 2144 ι

103 2180 216 2266 μένοις
242 2181 288 2254 είς
301 2171 359 2253 τοὶς
376 2171 546 2261 προνομὰς
568 2179 814 2263 παρηγγέλλετο
832 2177 924 2265 παρὰ
937 2178 997 2251 τόν
1009 2184 1050 2249 πί-

104 2290 164 2350 λον
178 2279 382 2366 διέρχεσθαι.
413 2274 458 2344 Οί
471 2275 511 2364 δὴ
527 2277 747 2364 κατάσκοποι,
763 2277 821 2360 τόις
835 2282 972 2364 διόδους
985 2280 1051 2352 ταό·
1072 2290 1077 2347 ἰ

102 2412 160 2463 τας
191 2376 235 2461 ὡς
262 2378 410 2468 φανερὰς
437 2381 700 2468 φυλαττόμενοι,
735 2380 791 2451 διδ
817 2389 886 2453 τῶν
914 2390 1077 2474 πλαγίυντ

102 2484 238 2557 ὑπιέναι
252 2487 473 2573 πειρώμενοι,
487 2486 611 2571 ταχέως
624 2481 811 2572 ἡλίσκοντο.
1075 2492 1077 2501 ’

68 2608 85 2660 6
178 2594 373 2675 Πομπίσκος
392 2586 623 2668 κατασκόπους
644 2595 793 2676 ἔπεμπεν
811 2586 940 2677 ἄνδρας
953 2584 1052 2677 όγνό·

101 2717 159 2768 τας
173 2686 344 2776 ἀλληλοις,
365 2694 422 2758 ἵνα
443 2688 487 2777 μη
505 2697 722 2760 συντίθοιντο
742 2688 827 2780 μηδὲ
840 2691 1055 2781 ιγευδοίγγελοι

101 2798 280 2878 γίγνοιντο.
315 2788 519 2880 Ἀπηγόρευε
539 2793 577 2863 δὲ
596 2787 710 2873 αὐτοῖς
730 2795 849 2882 μηδενί
872 2800 941 2863 τεόν
962 2796 1000 2866 έν
1017 2796 1055 2885 τῷ

101 2894 313 2983 στρατοπέδῳ
329 2895 562 2980 διαλέγεσθαι,
577 2893 667 2976 ὅπως
675 2895 721 2983 μή
735 2923 824 2973 τινες
837 2893 962 2974 αὐτοὺς
975 2892 1057 2984 φθό-
1075 2894 1077 2933 ³

100 3021 216 3075 νοντες
231 2996 445 3081 έξαγγείλωσι
459 3011 529 3072 τοϊς
542 3000 712 3083 πολεμίοις
725 2993 786 3083 τὴν
799 2997 991 3084 μέλλουσαν
1005 2993 1058 3066 αὐ·

98 3105 168 3168 τῶν
181 3095 306 3187 ἄφιξιν.

484 3273 527 3329 34.
546 3275 672 3327 ΝΙΚΩΝ.

178 3408 298 3493 Νίκων
311 3394 439 3490 Σόμιος
448 3398 668 3488 κυβερνήτης,
683 3405 826 3489 πλησίον
839 3405 989 3495 τριήρων
1002 3436 1060 3478 uo·

100 3512 226 3594 λεμίων
246 3499 422 3593 ὁρμουσῶν
441 3502 646 3592 βουλόμενος
666 3505 905 3593 παραπλεύσας
930 3517 1063 3597 λαθεῖν,
