2318 3892
427 205 606 266 ΟΓΛΟΟΝ.
658 219 664 229 ·
776 221 780 228 ’
883 205 885 212 ’
934 205 995 268 309

51 377 169 465 ητέρες
180 413 232 426 -
245 371 358 465 ηγείτο
379 377 417 447 δὲ
434 375 546 447 αὐτόν
562 374 729 466 Οὐετηρία
742 378 847 469 μήτηρ
861 387 983 469 Κοριο-

51 480 136 551 άνου
153 521 198 532 -
214 485 443 566 προελθοῦσαι
456 486 513 570 τῆς
527 481 655 560 πόλεως
664 478 828 570 ’ἀπήντων
841 497 910 563 τοῖς
924 509 985 552 πο-

51 589 157 672 εμίοις
189 577 409 672 ὡπλισμένοις
431 586 488 653 καί
515 583 712 678 Κοριολάνφ
741 591 989 673 προσπεσοῦσαι

51 691 197 777 ιετηρίας
211 694 418 775 προίσχουσι.
466 686 509 756 Τό
530 692 550 756 δ
553 688 568 757 ἐ
581 687 765 776 κεφάλαιον
778 694 835 777 τῆς
849 695 986 774 ἱκεσίοις,

51 795 95 860 Εἰ
103 787 168 879 τὴν
179 789 279 858 ’πόλιν
297 795 406 878 αίρεῑν
421 775 584 878 ἔγνωκας,
606 790 770 880 πρότερον
783 791 846 878 τὴν
862 795 987 881 μητέρα

51 890 164 983 ὴνσην
173 895 230 961 καὶ
243 893 349 973 πάσας
361 890 592 982 τάςῬωμαίυν
605 896 745 984 μητέρας
758 891 984 965 άπόκτεινον.”

51 994 236 1084 [οριολανός
257 1002 400 1082 ἔπαθεν,
421 997 625 1085 ἐδάκρυσεν,
649 995 832 1080 άνέζευξεν.
870 995 913 1068 Ἡ
925 999 987 1087 μὲν

51 1096 200 1188 νάζευξις
215 1095 371 1187 εὐσεβὴς,
393 1097 545 1190 ὀλέθριος
565 1101 602 1170 δὲ
616 1107 662 1196 τῷ
677 1107 865 1196 στρατηγῷ·
892 1111 982 1193 Τυρ-

51 1203 124 1292 ηνοί
144 1199 207 1289 γάρ
229 1197 273 1281 άς
291 1202 459 1290 προδόντα
479 1211 579 1293 νίκην
605 1203 758 1295 φανεράν
778 1208 986 1294 ἐψηφίσαντο

51 1304 168 1399 ανάτφ
182 1311 401 1394 κολασθῆναι.

368 1550 411 1606 26.
429 1555 645 1608 ΣΕΜΙΡΑΜῙΣ.

104 1717 292 1802 Σεμίραμις
315 1715 481 1802 λουομένη
501 1718 570 1782 τάν
589 1719 749 1802 Σιρανῶν
775 1711 899 1802 ἤκουσε
924 1712 987 1803 τὴν

51 1816 223 1901 τόστασιν,
238 1816 295 1883 καί
309 1823 498 1905 παραυτίκα
519 1813 728 1904 ἀνυπόδητος
741 1817 826 1905 μηδὲ
839 1815 899 1898 τάς
911 1825 984 1905 τρί-

51 1948 86 2001 τς
109 1916 361 2006 άναπλεξαμένη
383 1920 437 1987 ἐπὶ
459 1916 519 1988 τόν
539 1919 684 2007 πόλεμον
697 1922 849 2007 ἐξῆλθεν.
888 1920 985 2011 Τῇδέ

51 2023 132 2113 τήλη
151 2019 253 2111 αὐτῆς
268 2024 505 2110 ἐπιγέγραπται
518 2021 615 2092 τάδε·
638 2019 738 2112 “Ἐμέ
756 2038 902 2111 γυναῖκα
920 2024 984 2111 μέν

65 2125 169 2214 φάσις
189 2128 361 2214 ἐποίησεν,
383 2122 448 2212 ἐγώ
467 2126 504 2195 δέ
522 2141 590 2206 τοῖς
616 2132 727 2214 ἔργοις
754 2132 823 2196 τῶν
842 2123 985 2214 άγαθιόν

51 2233 165 2318 νδρῶν
188 2225 327 2308 οὐδενός
346 2235 468 2317 χείρων
485 2226 658 2316 ἐγενόμην.
690 2226 772 2316 Ἐγώ
787 2236 899 2297 Νίνου
921 2237 982 2316 βα-

51 2329 209 2402 ιλεάσασα
236 2328 318 2418 πρὸς
344 2333 388 2398 έω
414 2331 477 2418 μέν
502 2327 606 2419 ὥρισα
633 2329 781 2419 ποταμὸν
797 2327 984 2419 Ἱναμάμηυ,

51 2433 111 2526 ρός
131 2434 169 2503 δέ
191 2437 293 2520 μέσον
312 2428 408 2521 ἡλίου
431 2431 493 2520 τὴν
518 2435 690 2522 φέρουσαν
714 2433 902 2520 λιβανωτόν
927 2435 985 2503 καί

51 2538 202 2627 μόρναν,
216 2533 281 2606 ιἰπό
299 2535 336 2604 δέ
349 2541 509 2623 χειμῶνος
523 2535 637 2617 Σάκας
655 2537 710 2606 καὶ
723 2536 886 2623 Σόγδους.
916 2536 984 2604 Θά-

51 2661 167 2711 ,ασσαν
185 2638 349 2727 πρότερον
371 2635 483 2718 οὐδεὶς
505 2635 691 2728 Ἀσσυρίων
718 2638 824 2708 εἶδεν·
852 2637 918 2725 έγδ
947 2638 986 2708 δὲ

51 2747 204 2831 ἔσσαρας,
232 2737 284 2821 αἷς
311 2739 373 2810 οὐκ
404 2747 473 2811 ἔστι
505 2741 619 2830 πόρρω
648 2741 805 2811 πελάσαι·
840 2749 890 2823 τίς
919 2741 983 2832 γάρ

51 2844 131 2926 ότάς
146 2842 230 2934 ὁρμὴ
245 2847 405 2934 περιέχει;
426 2844 602 2942 Ποταμοὺς
623 2841 796 2935 ἠνάγκασα
814 2849 887 2934 ῥεῖν
899 2843 983 2915 ὅπου

51 2955 228 3037 ουλόίμην·
244 2948 431 3037 ἐβουλόμην
445 2949 483 3018 δὲ
495 2946 582 3019 όπου
596 2952 772 3039 συνέφερε.
795 2952 867 3037 Γῆν
880 2945 982 3038 άιιαρ-

53 3083 93 3124 ον
108 3053 244 3133 ἐδίδαξα
259 3058 476 3140 σπείρεσθαι·
499 3068 658 3141 ποταμοῖς
681 3051 745 3140 γάρ
766 3047 871 3137 αὐτὴν
891 3053 984 3138 ἔμιξα

51 3172 127 3237 ιοίς.
158 3151 328 3223 Ἀνάλωτα
340 3151 381 3222 τά
395 3159 485 3242 τείχη
499 3157 681 3244 παρέσχον·
704 3156 824 3240 πέτρας
840 3149 985 3239 ἀβάτους

51 3259 153 3350 ιδήρφ
168 3256 451 3346 κατειργασάμην·
466 3252 565 3337 ὁδοὺς
576 3264 693 3345 ἔτεμον
706 3259 795 3343 ἐμοῖς
809 3251 983 3344 ὀχήμασιν,

51 3392 65 3444 ς
93 3358 175 3433 οὐδὲ
201 3367 308 3450 θηρία
341 3365 513 3448 διῆλθεν,
534 3362 602 3429 Καὶ
628 3365 697 3428 τῶν
727 3364 837 3448 ἔργων
862 3357 982 3448 χρόνος

51 3495 81 3536 οι
103 3462 260 3555 περισσός
280 3463 411 3552 ἐγένετο
432 3461 554 3552 πολός,
578 3459 619 3532 δν
643 3465 769 3554 ἐμαυτῇ
795 3461 851 3532 καὶ
874 3468 985 3548 φίλοις

51 3563 264 3662 χαρισάμην.”
