2318 3892
459 185 668 236 PRAEFATIO.
846 187 847 191 ’
984 187 1071 236 XXXI

64 345 132 405 Guii.
149 345 227 402 Arm.
244 344 356 414 Blume,
373 346 401 400 in
415 342 579 422 Polyaenum
595 345 799 403 observationes
814 346 937 411 criticae,
955 346 1070 404 Sundiao

101 437 184 496 1824;
206 431 388 505 inspiciendae
404 448 513 505 quoque
529 432 649 488 eiusdem
669 431 857 487 adnotationes
872 432 905 487 ad
919 433 1070 489 versionem
1104 486 1105 490 ,

101 516 282 588 germanicam
303 514 446 589 Polyaeni,
465 515 529 574 fasc.
548 523 571 576 1.
588 523 613 575 2.
645 516 747 589 Stuttg.
764 523 833 577 1833
853 525 882 572 et
896 524 972 581 1837,
990 534 1069 591 quam

73 662 76 669 ¹
100 599 133 655 ad
147 599 226 656 finem
242 600 369 673 perduxit
416 670 421 679 Ι

59 683 179 741 Carolus
194 685 303 753 Fucini,
320 683 384 740 fasc.
403 691 460 744 3et
476 689 501 742 4.
520 683 621 758 Stuttg.
641 690 716 744 1855.

59 769 228 825 Theodorus
243 766 369 832 Melino,
385 769 418 823 dc
432 768 550 825 dictione
562 768 720 843 Polyaenea.
742 767 861 824 berolini
877 772 953 827 1854.

57 853 110 908 Fr.
130 851 197 908 Car.
214 851 359 919 Hertlein,
384 852 509 925 beitrage
529 869 578 909 zur
597 852 686 909 Kritik
710 854 757 910 des
776 852 904 927 Polyaen.
919 853 1069 909 Wertheim

102 953 125 990 a.
141 936 174 990 Μ,
192 941 266 1014 t854‚
284 936 328 1009 qui
346 935 455 992 libellus
469 954 535 1010 prae
566 938 664 995 ceteris
680 937 755 1010 utilis
771 936 836 992 mihi
852 937 911 992 suit.

145 1020 192 1076 His
207 1019 333 1076 subsidiis
348 1021 483 1077 instructo
498 1021 564 1077 mihi
581 1022 653 1095 quod
674 1021 752 1097 plura
774 1010 904 1077 etiamad
929 1022 1070 1078 emandan-

59 1104 122 1160 dum
140 1104 303 1178 Polyaenum
330 1105 456 1162 conferre
478 1104 570 1168 licuit,
594 1105 680 1167 debeo
704 1106 755 1160 VV.
776 1106 824 1160 ub.
846 1107 973 1178 Aepusto
988 1108 1068 1162 Bau-

58 1190 190 1256 meister,
220 1188 250 1244 O.
276 1190 330 1247 Fr.
347 1188 515 1258 Hermann,
542 1191 577 1246 Α.
600 1191 739 1260 Patulcii,
763 1190 802 1246 H.
826 1189 959 1261 Sauppe,
984 1191 1017 1248 F.
1035 1193 1067 1247 G.

56 1271 270 1341 Schneidewin,
294 1273 396 1330 Cereio
414 1273 554 1342 Sintenis,
581 1292 698 1348 quorum
719 1274 921 1330 emendationes
942 1274 983 1330 vel
1003 1291 1068 1331 eon·

56 1356 174 1414 iecturas
189 1359 245 1414 suis
261 1357 329 1414 locis
347 1359 488 1415 adnotatas
503 1359 639 1433 reperies,
659 1359 790 1432 imprimis
806 1376 870 1415 vero
891 1357 992 1415 litteris
1009 1359 1068 1416 offi-

56 1442 138 1498 ciosis
154 1450 182 1497 et
197 1442 362 1499 doctissimis
380 1445 413 1520 E.
433 1443 530 1500 Caroli
545 1443 693 1511 Hertlein,
709 1434 826 1516 denique
841 1444 1013 1517 praeceptori
1029 1444 1068 1499 di·

56 1524 220 1590 iectissimo,
240 1527 268 1582 0.
289 1528 430 1584 ludovico
450 1527 542 1595 Roth,
564 1527 715 1600 professori
732 1527 881 1583 Basiliensi.
914 1528 952 1583 lta
967 1528 1067 1584 iactum

56 1620 104 1674 est,
121 1618 153 1666 ut
167 1611 233 1666 mihi
248 1611 300 1685 ipsi
318 1629 404 1685 pauca
419 1619 597 1685 superessent
618 1628 650 1666 ex
666 1611 822 1668 coniectura
840 1619 915 1667 certa
932 1612 1066 1685 retingen-

56 1695 98 1760 la:
129 1695 208 1752 cuius
230 1705 320 1752 tamen
345 1696 471 1752 fortunae
497 1712 540 1751 me
565 1712 711 1767 numquam
742 1695 885 1768 poenituit.
924 1694 1067 1753 iucundius

55 1781 126 1835 mim
141 1779 207 1835 mihi
223 1765 299 1842 suits
306 1779 507 1836 emendationes
522 1795 554 1834 ex
569 1778 679 1852 optimis
697 1778 837 1834 codicibus
853 1787 944 1834 erutas
965 1797 1067 1854 propo·

55 1881 121 1919 nere
139 1881 218 1938 quam
234 1865 355 1918 virorum
376 1864 518 1919 doctorum
543 1863 664 1926 inventa,
692 1863 835 1919 iucundius
851 1862 945 1926 etiam,
961 1865 1067 1921 coniec-

55 1948 125 2004 ,uris
139 1949 248 2005 nomina
264 1947 374 2003 illorum
388 1947 539 2022 praefigere
555 1964 635 2021 quam
655 1965 752 2003 meum.
791 1948 819 2003 Si
839 1965 903 2004 vero
924 1956 1002 2012 sunt,
1019 1950 1065 2023 qui

55 2033 80 2089 ie
99 2032 338 2089 emendationibus*
349 2050 363 2088 a
375 2048 417 2088 me
432 2032 548 2106 receptis
562 2033 756 2089 accuratiorem
772 2033 984 2106 disputationem
996 2034 1066 2098 desi,-

54 2118 164 2181 ierent,
188 2117 359 2175 meminerint
382 2117 411 2173 in
436 2117 611 2174 adnotatione
631 2117 726 2174 critica
746 2117 871 2173 brevitati
895 2118 1064 2175 serviendum
1104 2131 1106 2138 ²

56 2218 147 2259 uisse.
