2318 3892
153 185 212 246 τεο
550 185 736 245 ετεΛτοΝ
1134 39 1142 232 δ

147 359 348 447 προσέταξεν
384 360 525 427 ἕκαστον
557 356 847 446 ἐπιλαμβάνεσθαι
875 363 938 428 τού
965 365 1104 448 πλησίον

147 463 203 533 καὶ
216 459 261 550 μὴ
274 459 436 551 πρότερον
449 456 604 547 ἀφιέναι,
626 462 707 550 πρὶν
722 466 846 546 εἰπεῖν,
867 456 903 542 ός
916 488 967 542 τις
981 473 1033 551 είη
1052 464 1104 533 καλ
1128 487 1131 499 ·

149 571 240 645 τίνος
263 565 393 646 τάξεως.
436 559 534 632 Ούτω
563 562 605 654 δὴ
630 564 756 653 συνέβη
776 562 853 642 τούς
874 565 1103 646 κατασκόπους

149 665 293 754 ἀλύναι,
309 665 354 757 μὴ
374 668 583 755 δυναμένους
604 671 712 735 εἰπεῖν
732 665 814 756 μήτε
833 665 941 756 τάγμα
953 667 1038 758 μήτε
1052 668 1101 739 λό·
1132 697 1137 739 ι

149 798 210 859 χον
222 769 304 861 μήτε
314 775 485 840 συσσίτιον
497 767 577 858 μήτε
595 767 763 858 σύνθημα.
1112 797 1148 839 ιι

115 895 132 946 2
226 873 337 962 Χάρης
351 876 388 942 έν
404 873 538 964 Θρηίκη,
552 878 712 962 χειμῶνος
725 870 821 953 όντος
834 868 1018 965 ὑπερβολῇ,
1031 872 1104 953 τούς

149 974 349 1066 στρατιώτας
368 971 457 1065 ὁρῶν
474 977 695 1064 φειδομένους
708 983 776 1047 τῶν
793 982 933 1065 ἱματίων
951 979 1009 1047 καλ
1027 975 1103 1064 πρός

149 1080 186 1149 τό
212 1079 370 1168 πράττειν
391 1075 413 1146 ά
435 1075 496 1166 χρὴ
521 1084 751 1169 διακειμένους
775 1076 943 1168 ὀκνηρῶς,
977 1078 1102 1169 παρήν-

149 1192 262 1271 μειλεν
287 1180 400 1260 αὐτοῖς
428 1178 603 1251 ἀλλάττειν
627 1179 705 1267 παρ’
737 1179 891 1271 ἀλλήλων
916 1180 958 1251 τά
983 1182 1103 1271 ίμάτια.

155 1284 282 1355 Τούτου
313 1283 377 1372 γάρ
405 1286 606 1374 γενομένου,
640 1291 708 1354 τῶν
740 1282 926 1375 ἀλλοτρίων
952 1283 1132 1375 έσθύτωνο

149 1392 286 1469 ἕκαστος
304 1385 346 1457 ού
366 1385 579 1475 φειδόμενος,
601 1386 805 1477 ἑτοιμότερος
826 1381 870 1478 ἦν
890 1386 1106 1478 πράττειντὰ

149 1490 364 1578 κελευόμενα.

115 1605 132 1658 3
226 1594 339 1683 Χάρης
350 1591 459 1684 ἀπῆγε
470 1591 696 1682 στρατόπεδον
715 1595 753 1662 ἐκ
767 1592 914 1686 Θρηίκης
936 1592 1106 1662 ἐπέκειντο

150 1702 185 1767 οί
197 1704 325 1790 Θρᾷκες
338 1699 394 1765 καὶ
407 1696 469 1787 τὴν
482 1693 645 1783 οὐραγίαν
659 1703 818 1784 ἔθραυον.
842 1693 877 1764 ‘0
893 1696 929 1766 δὲ
942 1695 1106 1784 βουλόμε-

150 1829 207 1880 νος
220 1799 409 1870 ἀποσπάσαι
416 1798 493 1880 τούς
504 1807 681 1888 πολεμίους
692 1801 770 1883 [καὶ]
778 1805 930 1869 διελθεῖν
936 1795 1105 1887 ἀσφαλῶς,
1118 1831 1132 1870 ι

149 1903 253 1972 τόπον
278 1901 429 1972 ύποπτον
448 1900 616 1986 συνιδών,
644 1899 849 1991 ἀναβιβάσας
871 1908 939 1971 τῶν
965 1910 1106 1990 σαλπιγ-

150 2011 240 2074 κτῶν
256 2007 311 2074 ἐπὶ
326 2004 405 2084 τούς
421 2009 544 2083 ἵππους
556 2007 613 2072 καλ
628 2008 827 2094 συμπέμψας
841 2002 954 2086 αὐτοῖς
973 2002 1107 2093 όλίμους
1148 1994 1149 2001 ¹

150 2113 218 2177 τῶν
243 2110 388 2194 ἱππέων,
418 2109 573 2177 ἐκέλευσε
593 2111 941 2196 περιιππευσαμένους
965 2106 1031 2196 τὴν
1050 2135 1105 2177 τα·

152 2216 285 2299 χίστην,
307 2210 509 2299 γενομένους
522 2208 666 2281 ὄπισθεν
678 2217 746 2280 τῶν
764 2218 943 2298 πολεμίων,
956 2209 996 2280 τὸ
1009 2220 1106 2281 πολε-

151 2313 250 2402 μικὸν
264 2319 419 2403 σημῆναι.
458 2317 503 2381 Ol
527 2313 590 2402 μέν
620 2313 806 2402 ἐσήμηναν·
834 2319 867 2383 οἱ
894 2313 932 2383 δέ
952 2304 1131 2401 προσκείλ·

150 2444 245 2504 μενοι
260 2423 406 2509 Θρᾷκες,
428 2417 570 2505 ἐνέδραν
590 2415 677 2486 εἶναι
699 2423 912 2505 νομίσαντες,
931 2414 994 2506 τὴν
1015 2417 1108 2499 τάξιν
1140 2438 1145 2450 ·

152 2520 313 2599 λύσαντες
334 2519 517 2608 φεύγοντες
536 2516 670 2612 ᾤχοντο.
705 2519 818 2609 Χάρης
838 2519 876 2589 δὲ
900 2516 1109 2609 άσφαλῇτὴν

152 2619 365 2711 ἀποχώρησιν
384 2621 571 2711 ἐποιήσατο.

485 2801 523 2856 14.
542 2804 768 2856 ΧΑΡΙΔΗΜΟΣ.

228 2931 435 3015 Χαρίδημος,
446 2923 568 2996 Ἰλιέων
582 2925 833 3016 λεηλατούντων
847 2925 951 2999 αύτού
970 2927 1034 3018 τὴν
1047 2928 1106 3000 πό·
1122 2952 1141 2990 ν

151 3038 223 3114 λιν,
244 3031 377 3118 οἰκέτην
394 3025 488 3099 Ἰλιέα
505 3030 716 3119 προελθόντα
734 3032 788 3100 ἐπὶ
801 3039 896 3100 λείαν
920 3031 1110 3120 συλλαβὼν,

151 3130 306 3218 μεγάλοις
319 3131 440 3223 δύροις
453 3139 565 3202 ἔπεισε
578 3138 762 3220 προδοῦναι
775 3131 838 3221 τὴν
851 3133 961 3204 πόλιν.
985 3131 1059 3205 Ἵνα
1074 3135 1110 3205 δὲ

150 3232 265 3313 πιστός
291 3242 413 3324 φανείη
438 3250 506 3316 τοῖς
527 3236 733 3322 φυλάττουσι
756 3234 816 3316 τάς
836 3237 958 3324 πύλας,
981 3243 1111 3308 ἔδωκεν

149 3335 241 3430 αὐτῷ
257 3337 364 3407 πολλά
378 3339 527 3426 πρόβατα
540 3339 597 3406 καὶ
614 3335 811 3428 ἀνδράποδα
825 3346 876 3419 δίς
889 3367 957 3410 που
969 3343 1026 3410 καλ
1040 3343 1111 3431 τρίς

149 3437 299 3526 ἀγαγεῖν.
336 3446 382 3508 οί
399 3441 438 3509 δὲ
457 3442 620 3528 φύλακες,
648 3447 753 3511 ταῦτα
771 3442 984 3531 νειμάμενοι,
1004 3466 1106 3514 συνε-
1125 3469 1146 3509 α

148 3540 281 3631 χάρουν
294 3540 386 3635 αύτῷ
399 3543 558 3624 πολλάκις
571 3546 693 3627 ἐξιέναι
706 3545 857 3634 νύκτωρ,
871 3548 929 3616 καὶ
942 3545 1008 3618 σύν
1016 3543 1110 3642 αύτῷ
