2318 3892
108 169 144 254 V'I
509 205 716 255 Pnsnnfflo.
804 234 809 248 .

111 367 268 429 luniensem,
293 367 345 423 iam
366 367 466 424 dudum
481 367 551 423 idern
568 366 710 424 consilinm
726 367 830 440 agitare
844 384 1051 454 cognoscerem,
1068 375 1123 422 tan·

111 461 168 508 tum
179 450 266 507 abluit
280 458 310 506 ut
325 452 347 507 is
358 468 401 508 me
416 451 449 508 ab
462 469 544 526 opere
559 453 667 525 incepto
680 461 832 514 revocaret,
848 460 879 508 ut
892 451 933 508 vel
948 436 1122 526 peipetrandi

110 536 221 592 maxime
239 544 335 592 auctor
350 544 432 610 atque
453 553 549 593 suasor
563 537 629 592 mihi
649 537 786 593 existeret
820 536 896 592 narn
911 537 978 592 lleus
999 537 1122 610 Optimus

111 621 252 683 Maximus,
270 629 307 684 ,ut
332 619 373 676 illi
393 620 551 696 propediem
573 620 737 694 Polyaenum
762 621 844 695 pleno
870 629 1001 695 apparatu
1028 621 1121 677 critico

111 706 230 778 itemque
246 705 446 762 commentariis
462 705 600 761 historicis
615 705 777 762 instructum
792 715 820 763 et
841 705 961 780 reliquos
976 705 1122 778 scriptores

90 790 93 795 “
113 787 244 846 militares
261 797 404 864 tantopere
423 797 565 863 exoptatos
582 789 608 844 in
629 789 726 864 vulgus
748 791 872 847 emittere
890 790 1039 862 contingat.
1155 792 1158 805 '

198 873 249 930 Sed
264 875 422 947 priusquam
437 875 470 930 de
486 874 625 930 codicibus
640 892 655 930 a
669 892 712 930 me
728 874 834 932 collatis
849 876 1028 947 universaque
1044 874 1121 930 huius

113 958 240 1014 editionis
262 959 368 1014 ratione
388 959 539 1015 accuratius
556 958 657 1022 dicam,
680 976 764 1032 pauca
780 959 897 1033 praefari
914 960 987 1014 iuvat
1005 959 1038 1015 de
1067 959 1123 1033 ipso

112 1042 256 1116 Polyaeno,
269 1043 315 1115 qui
330 1042 421 1105 luerit,
435 1060 503 1116 quae
518 1042 667 1116 scripserit,
682 1061 734 1116 qua
750 1043 849 1117 dignus
865 1044 901 1099 sit
912 1043 971 1105 fide,
986 1043 1124 1116 quomodo

112 1127 227 1199 denique
243 1127 301 1183 eius
317 1126 381 1183 libri
396 1144 411 1182 a
429 1127 548 1200 posteris
564 1126 649 1182 habiti
663 1127 696 1182 ad
711 1145 761 1183 nos
778 1129 959 1202 pervenerint.

197 1210 259 1266 Fuit
275 1211 359 1284 igitur
374 1210 572 1285 Polyaenus
587 1210 698 1267 natione
713 1212 835 1274 Macedo,
853 1213 948 1268 rhetor
956 1207 979 1284 2)
996 1217 1024 1267 et
1040 1213 1125 1268 causi·

112 1295 201 1356 dicus,
218 1295 335 1369 vixitque
350 1295 704 1389 Romaeimperantibnsll
720 1297 859 1353 Antonino
875 1297 945 1353 etL.
960 1296 1040 1351 Vero.
1070 1295 1124 1363 Quo

113 1387 235 1452 tempore
252 1397 314 1436 cum
330 1380 421 1438 statim
436 1387 500 1454 post
515 1379 621 1456 imperii
636 1381 763 1474 auspicia·
766 1381 867 1438 bellum
880 1380 1035 1437 Parthicum
1052 1397 1127 1437 exar-

112 1462 248 1526 desceret,
269 1463 421 1538 Polyaenus
436 1471 534 1538 utpote
554 1471 652 1524 aetate
662 1464 715 1521 iam
732 1453 876 1540 provectus
896 1482 951 1521 non
972 1464 1058 1520 valuit
1071 1465 1127 1539 qui·

112 1547 199 1604 dem
192 1565 251 1622 ipse
268 1548 380 1607 militiae
393 1547 503 1606 labores
521 1548 671 1618 sustiuere;
693 1567 727 1606 ne
746 1567 810 1606 vero
833 1567 924 1606 rerum
948 1550 1127 1634 gerendarum

11 1661 13 1666 ·
114 1630 194 1705 plane
219 1649 317 1708 expers
342 1639 430 1696 esset,
452 1641 595 1706 antequam
616 1632 702 1690 Verus
728 1634 856 1690 adversus
879 1635 996 1691 Parthos
1023 1607 1128 1707 pr‘olici-

111 1723 244 1785 scerotur,
260 1717 286 1773 id
302 1724 344 1775 est
361 1735 432 1774 anno
447 1735 473 1791 p
486 1716 547 1775 Chr
563 1724 614 1778 162
621 1710 653 1790 3,)
670 1718 703 1774 ad
720 1715 899 1792 imperatores
915 1718 992 1793 qxnsi
1009 1718 1126 1775 subsidia

112 1801 151 1856 rei
166 1800 306 1864 militaris,
325 1798 379 1873 τῆς
394 1797 590 1877 στρατηγικῆς
611 1793 770 1875 ἐπιστήμης
791 1793 913 1874 ἐφόδια,
936 1803 1003 1859 haec
1023 1801 1122 1876 qualia·

111 1900 227 1958 cumque
238 1893 303 1943 sunt
318 1885 428 1958 scripsit
443 1885 520 1941 Stra
531 1885 657 1958 logica,
675 1886 730 1951 sive
747 1894 779 1943 ut
793 1885 877 1960 vulgo
893 1887 1022 1944 dicuntur
1037 1886 1126 1943 Stra·

113 1975 300 2043 tegemata,
320 1969 406 2026 multo
427 1969 520 2027 labore
539 1986 571 2025 ex
585 1969 724 2028 historicis
741 1970 855 2028 collecta
873 1977 901 2031 et
917 1971 944 2026 in
959 1971 1068 2028 breuius
1084 1986 1127 2027 co·
1156 1979 1158 1994 '

112 2060 217 2118 art,ata
237 2062 376 2128 nongenta
397 2071 525 2117 numero,
546 2062 609 2111 octo
624 2053 701 2112 libris
714 2055 938 2128 comprehensa:
944 2072 1012 2114 nam
1034 2049 1126 2113 auctor

113 2137 172 2210 ipse
188 2137 335 2213 dupliciter
349 2139 501 2212 inscripsit,
511 2139 628 2238 proprie
644 2140 714 2195 etin
731 2139 823 2224 fronte
838 2140 923 2196 totins
937 2139 1037 2234 operis
1047 2137 1123 2196 titulo

99 2216 193 2279 'latius
208 2231 319 2298 patente
336 2211 523 2298 Στρατηγινὰ
529 2216 595 2296 4),’
589 2241 616 2280 xn
631 2216 781 2298 prooemiis
805 2231 833 2280 et
854 2224 882 2281 in
898 2224 1053 2281 summariis
1077 2225 1130 2278 siu·

112 2305 239 2379 gulornm
254 2305 387 2365 librorum
403 2326 417 2364 a
433 2314 510 2381 parte
526 2307 635 2383 potiore
649 2296 892 2384 Στρατηγηματα.
924 2306 1013 2375 Quare
1029 2307 1128 2365 lallun·

113 2399 172 2452 tur,
197 2393 245 2465 qui
271 2392 336 2448 vitio
352 2398 500 2455 verterunt,
522 2392 596 2466 quod
610 2392 696 2449 multa
718 2394 839 2450 inessent
861 2393 970 2449 minime
995 2386 1130 2465 stratege·

114 2485 185 2532 mata
206 2476 332 2546 dicenda,
350 2477 595 2552 apophthegmata,
612 2477 678 2534 artis
693 2477 883 2552 imperatoriae
895 2486 1049 2552 praecepta,
1067 2494 1132 2551 pru·

114 2561 221 2617 dentiae
241 2560 327 2618 civilis
342 2561 477 2636 exempla,
494 2561 605 2620 fortiter
620 2562 704 2626 lacta,
721 2563 847 2625 iniuriae.
864 2562 984 2636 periuria
993 2555 1030 2634 P).

198 2645 352 2703 licueritne
366 2645 516 2720 Polyaeno,
533 2647 607 2720 quod
623 2648 730 2722 quidem
747 2647 776 2703 in
787 2648 856 2704 votis
872 2647 969 2708 luerat,
984 2647 1131 2703 historiam

115 2729 179 2785 belli
196 2729 316 2787 Parthici
331 2730 458 2787 uberiore
476 2730 662 2804 disputatione
675 2731 820 2805 complecti
841 2748 921 2804 quam
940 2746 993 2803 qna
1010 2731 1037 2785 in
1054 2730 1131 2786 Stra·

114 2814 211 2886 tegicis
230 2832 296 2873 usus
313 2823 369 2878 est,
385 2831 434 2872 nec
449 2813 557 2873 aliunde
572 2823 681 2878 notum,
703 2824 752 2873 nec
767 2815 863 2872 Suidas
877 2815 998 2889 prodidit
1015 2815 1083 2872 haec
1100 2814 1130 2871 ud

120 2930 314 2943 ...—-·-—---

185 2974 394 3062 2)Πολνάινος
411 2951 570 3042 Mooedoio,
591 2970 683 3060 ῥήτωρ
702 2979 809 3031 Suidas.
828 2979 976 3046 Reliqua
968 2979 1057 3044 xpsius
1080 2979 1131 3030 Po-

121 3051 148 3116 ly
150 3051 215 3102 aeni
227 3053 282 3099 ttes
283 3048 383 3097 imonio
401 3045 490 3097 firmat
480 3053 509 3096 ta
521 3017 604 3099 virle
596 3064 625 3096 1n
637 3047 728 3097 indice
741 3052 833 3097 nostro
858 3063 879 3097 s.
893 3064 918 3098 v.
931 3047 1099 3110 Polyaenus

185 3116 212 3182 3)
225 3116 268 3166 Cf.
282 3115 367 3165 Iulius
387 3113 469 3179 Capit
459 3115 560 3165 tolinus
577 3115 632 3165 Ant
621 3117 715 3165 tonino
733 3112 932 3181 philosoph08,
951 3114 1063 3167 Vero7.
1082 3116 1133 3165 Po·

117 3183 362 3252 lyaenuspgalo,
378 3181 419 3231 11.

184 3253 210 3314 4)
224 3251 266 3301 Oi
280 3250 435 3314 Polyaenus
447 3266 493 3314 pg
502 3248 543 3312 19,
556 3247 581 3298 3.
595 3249 636 3311 47,
649 3250 690 3300 22.
703 3247 745 3310 88,
759 3247 783 3297 9.
797 3247 838 3309 96,
855 3247 893 3297 15.
907 3248 965 3310 222,
979 3248 1020 3298 24.
1036 3248 1134 3298 adnot.

117 3323 177 3373 crit.
159 3321 224 3372 tud
235 3336 279 3386 pg
286 3318 310 3381 3
326 3318 348 3367 1.
373 3318 432 3367 Leo
444 3288 592 3382 imperitior
605 3325 736 3382 excerpta
754 3333 787 3367 ex
799 3321 860 3367 nost
862 3332 891 3365 ro
849 3315 974 3367 tlibro
992 3316 1134 3393 inscripsit

117 3383 302 3467 στρατηγιναὶ
319 3378 501 3448 cucurrisses
521 3390 548 3434 et
566 3401 627 3450 cap.
645 3383 678 3434 20
685 3385 791 3462 princ.-
804 3383 913 3464 profitet
915 3396 946 3432 ur
970 3376 1001 3434 ἐκ
1019 3381 1133 3436 πολλῶν

118 3455 248 3508 παλαιῶν
265 3449 315 3506 eccl
332 3452 526 3518 στρατηγικῶν
544 3446 747 3518 συνταγμάτων
759 3440 978 3517 ἀναλεξάμενοι.

184 3525 210 3590 5)
225 3523 267 3575 Cf.
280 3521 369 3589 proci
382 3521 445 3573 libri
457 3521 575 3587 septimi.
