2318 3892
104 121 165 222 τοο
493 156 681 220 οιοΛιοΝ

67 354 84 405 2
178 329 361 419 Παμμένης
375 326 503 418 πολλὴν
517 334 622 400 ἵππον
635 332 691 399 καλ
707 334 853 418 μαχίμην
868 335 941 416 ἔχων

103 431 182 516 λούς
196 429 379 512 πελταστάς
397 437 466 501 τῶν
481 439 651 521 πολεμίων
662 432 822 519 ἐχόντων,
845 428 940 519 ὀλίγο

103 533 208 606 αὑτοῦ
217 533 401 615 πελταστάς
414 535 471 602 καὶ
484 532 546 623 τὴν
557 535 690 624 κούφην
704 532 862 625 στρατιάν
872 537 941 615 ἕταξ

103 638 333 728 τόκράτιστον
347 643 416 706 τῶν
443 644 628 726 πολεμίων,
649 641 704 707 καὶ
714 637 941 725 ’παρήγγειλεν

103 769 161 823 τας
174 739 403 829 ὑποφεύγειν,
418 744 474 809 ἵνα
488 738 664 830 ἀποσπάσῃ
679 739 777 825 [τούς]
793 743 941 809 ἐναντίοι

103 844 222 926 ταστάς
236 842 301 913 ἀπὸ
318 849 376 932 της
390 840 492 931 άλλης
504 844 687 931 φάλαγγος.
719 841 809 913 Ἐπεὶ
824 843 861 912 δέ
874 847 941 911 τού·

104 975 196 1033 νετο,
230 945 345 1035 λαβων
371 945 449 1025 τούς
475 951 586 1026 ίπιιεϊς
611 944 676 1015 ἀπὸ
704 952 764 1016 τού
789 947 941 1034 ἑτέρουκ

104 1056 348 1139 περιίππευσεν
361 1046 415 1119 ἐπ’
429 1045 552 1130 αύτούς
572 1050 628 1145 καὶ
647 1048 906 1137 κυκλωσάμενος
919 1051 941 1117 έι

55 1181 61 1191 ’
103 1158 172 1222 τῶν
185 1179 220 1220 τε
235 1153 364 1222 ίππέων
379 1154 601 1241 ἐπικειμένων
614 1153 750 1222 καὶτῶν
763 1151 906 1241 φεύγειν
919 1157 940 1220 δ

21 1319 26 1328 ,
72 1260 74 1264 ’
103 1251 477 1344 τωνάναστρεγάντων.
560 1288 563 1293 ·

70 1375 87 1428 3
180 1360 361 1445 Παμμένης
387 1355 469 1445 μετά
491 1362 651 1445 Θηβαίων
677 1361 839 1446 κρατῆσαι
859 1364 941 1444 βουλ

103 1463 164 1535 τού
184 1467 388 1531 Σικυωνίων
414 1461 564 1548 λιμένος,
585 1455 685 1540 αύτός
707 1458 769 1547 μέν
782 1457 865 1527 κατά
880 1464 941 1547 γῆν

103 1561 280 1645 σκευάζετο
295 1570 510 1650 προσβαλεῖν,
524 1572 643 1632 πλοῖον
657 1562 695 1631 δέ
704 1557 912 1650 στρογγύλον
928 1591 941 1630 τ

103 1685 163 1746 σας
185 1662 331 1735 ὁπλιτῶν
352 1672 511 1754 ἔπεμψεν.
547 1669 591 1734 Ol
603 1665 640 1734 δέ
658 1664 861 1745 πλεύσαντες
881 1692 941 1751 προ

103 1767 169 1857 πρό
190 1773 251 1838 τοῦ
264 1771 413 1857 λιμένος·
435 1773 547 1856 δείλης
566 1768 604 1837 δέ
627 1764 800 1855 ἀπέβησαν
820 1764 935 1836 αὐτῶν

102 1872 241 1959 γυμνοὶ,
256 1868 300 1950 ὡς
314 1875 490 1958 ἐμπορικοί
497 1898 586 1951 τινες
599 1867 665 1940 ἀπὸ
678 1876 739 1939 τοῦ
754 1876 872 1939 πλοίου
887 1895 941 1959 πρι

104 1970 168 2060 ράν
192 1975 391 2060 ἐπιτηδείων
412 1970 559 2061 ἥκοντες.
595 1968 631 2041 ‘0
654 1973 690 2043 δέ
710 1975 909 2060 Παμμένης,
933 2000 941 2040 ι

103 2084 222 2144 πλοῖον
235 2074 384 2163 έφοίρμει
402 2081 448 2168 τῷ
462 2078 571 2163 λιμένι
585 2077 641 2144 καὶ
655 2067 699 2166 ἦν
713 2077 854 2162 ἑσπέρα,
877 2102 941 2161 προ

102 2182 144 2266 τῇ
157 2176 253 2247 πόλει
272 2176 336 2247 σύν
357 2178 497 2269 θορύβῳ
516 2183 644 2271 πολλῷ·
666 2182 701 2247 ολ
719 2178 756 2247 δέ
769 2179 844 2264 περὶ
860 2175 941 2246 τὸν.

102 2278 184 2368 πρὸς
205 2278 265 2349 τὸν
285 2279 438 2369 θόρυβον
459 2277 680 2370 ὁρμήσαντες,
702 2289 845 2369 βοηθεῖν
866 2282 939 2349 έπει

100 2380 153 2451 Ἐκ
165 2388 227 2453 τού
240 2389 359 2452 πλοίου
374 2382 411 2452 δέ
424 2388 484 2453 τοῦ
498 2383 708 2473 στρογγύλου
721 2380 907 2470 ἀποβάντες
925 2412 941 2453 ο

102 2513 172 2572 ται,
189 2484 333 2575 μηδενὸς
346 2484 552 2574 κωλύοντος,
567 2486 626 2557 τὸν
639 2487 758 2582 λιμένα
771 2487 942 2573 κατέσχον.

67 2600 85 2652 4
179 2590 361 2677 Παμμένης
375 2586 647 2678 τούςπολεμίους
660 2587 842 2678 ἐξηπάτησε
856 2611 941 2677 χρησ

101 2693 148 2782 τῷ
169 2688 262 2782 νόμφ
275 2696 333 2778 τῆς
346 2690 528 2779 σάλπιγγος
541 2690 750 2785 ὑπεναντίῳ,
770 2717 941 2778 προπαραγ

100 2805 171 2870 τοῖς
196 2791 318 2860 ἑαυτοῦ
347 2794 563 2881 στρατιύταις
588 2792 671 2881 πρὸς
693 2793 756 2881 μέν
773 2792 811 2862 τὸ
837 2791 941 2863 ἀνακλ

102 2895 284 2962 ἐπιθέσθαι
291 2945 301 2980 ,
322 2893 405 2980 πρὸς
424 2894 462 2963 δέ
481 2895 519 2965 τὸ
539 2893 811 2965 έπικελευστικὸν
837 2893 941 2982 ἀναχα

107 2999 213 3066 Τοῦτο
227 2995 372 3085 ποιήσας.
381 2997 418 3064 ἐν
430 2993 630 3087 ἀμφοτέροις
649 2995 776 3085 μεγάλα
790 2995 869 3078 τούς
883 3006 941 3067 πολ

104 3104 262 3185 ἔβλαψεν.
776 3098 778 3102 ⁴

67 3216 83 3268 5
151 3289 154 3295 ι
178 3201 361 3288 Παμμένης
380 3193 499 3286 ὀλίγην
517 3205 604 3287 έχων
624 3197 788 3289 δύναμιν,
812 3195 879 3269 ὑπὸ
894 3209 939 3270 πλ

99 3299 313 3391 ἀποληφθεὶς
334 3308 484 3389 ἔπεμψεν
503 3299 690 3389 αὐτόμολον
710 3306 743 3383 ές
756 3301 793 3373 τὸ
807 3308 876 3373 τῶν
891 3328 941 3372 πο.

98 3405 340 3493 στρατόπεδον·
357 3400 375 3474 ὁ
389 3405 427 3475 δέ
439 3402 477 3474 τὸ
491 3405 651 3493 σύνθημα
665 3403 841 3494 ἐκμαθών,
863 3408 941 3476 έπατ

98 3504 233 3598 ἤγγειλε
253 3512 300 3601 τῷ
313 3510 498 3599 Παμμένει.
531 3504 567 3579 Ὁ
589 3508 627 3579 δὲ
648 3505 770 3590 νυκτὸς
782 3511 941 3599 έπιθέμεν
