2318 3892
427 203 659 301 AEYTLsPON.

327 472 329 476 .
409 433 441 487 11.
456 436 684 507 QAPAKmAz.

140 581 353 666 Φαρακίδας,
382 583 627 666 Καρχηδονίων
648 578 889 669 ἐφορμούντων
909 588 1024 668 Συρα-

60 680 219 766 κούσαις,
237 677 440 768 ,περιπεσών
460 678 543 761 κατα
562 679 622 750 τόν
649 689 758 753 πλοῦν
779 688 1026 771 Καρχηδονίοις

61 783 212 874 τριήρεσι
231 784 287 852 καὶ
307 779 372 853 ιἰπό
387 782 517 853 τούτων
531 786 629 853 ἐννέα
642 784 775 874 λαβοῦν,
797 783 887 866 ὅπως
900 782 1024 875 ήσνχύ-

64 905 162 976 σειαν
181 889 216 955 οί
230 886 456 974 Καρχηδόνιοι
476 889 736 974 καταπλέοντος,
767 891 801 969 ἐς
828 886 886 970 τοὶς
906 896 1023 976 αἰχμα-

65 987 192 1070 λύτους
222 987 368 1077 τριήρεις
399 986 457 1069 τός
482 992 581 1060 ἐννέα
607 987 788 1079 ἀνεβίβασε
813 991 894 1072 τούς
918 998 1027 1072 ἰδίους

65 1090 180 1180 ἐρέτας
198 1094 253 1159 καὶ
267 1091 485 1181 στρατιώτας·
508 1094 736 1183 Καρχηδόνιοι
750 1104 968 1184 γνωρίζοντες
986 1094 1027 1162 τοὶ

62 1200 171 1263 οίκεῑα
189 1194 320 1281 σκάφη,
346 1198 594 1283 προσπλέοντας
618 1195 742 1278 αύτούς
760 1203 806 1293 τῷ
827 1201 937 1288 λιμένι
956 1204 1026 1268 τῶν

57 1303 313 1386 Συρακουσίων
326 1294 388 1366 οῦκ
403 1295 587 1371 ἐκώλυσαν.

324 1463 327 1470 ’
401 1475 439 1530 α.
456 1477 686 1533 Δεαοοατωε.

140 1601 335 1690 Δηιφόντης
346 1616 415 1682 τοῖς
428 1585 600 1692 Δωριεῦσι
614 1603 794 1684 συνέταξεν
809 1606 1026 1672 ἐκκαλεῖσθαι

55 1701 142 1784 τοῦς
156 1700 328 1792 Ἀργείους
341 1708 375 1785 ἐς
388 1704 506 1792 μύχηυ.
540 1702 651 1784 Αύτός
668 1704 762 1773 δὲ
717 1731 785 1774 των
798 1731 887 1773 νεων
908 1704 1025 1792 ἐπιβας

55 1805 129 1879 ὑπὸ
145 1806 241 1900 λόφω
251 1809 319 1876 τινί
332 1813 598 1933 περιωρμίσατο,
616 1813 702 1876 ἔνθα
716 1804 779 1876 οῦκ
796 1799 839 1895 ήν
852 1804 1024 1888 κύτοπτος.

55 1901 197 1989 Σκοπὸς
217 1906 393 1999 ήγγειλε,
395 1906 553 1999 Δωριεῖς
568 1909 630 1999 μὲν
643 1910 903 1999 περιελαύνουσι
919 1916 1025 1996 λείαν,

55 2011 202 2101 Αργειοι
213 2013 249 2082 δε
258 2016 461 2102 κβοηθουσι
474 2011 1023 2102 τοστρατοπεδονκαταλιπουτες
1108 2015 1110 2028 ’

55 2115 258 2204 Δηιφόντης
277 2117 335 2185 καὶ
356 2119 391 2185 οί
405 2115 587 2205 σύμμαχοι,
607 2143 677 2186 των
690 2122 778 2188 νεῦν
792 2115 1024 2206 ἐκδραμόντες,

57 2227 189 2308 ἔρημον
209 2223 341 2304 αἱροῦσι
362 2216 399 2288 τό
416 2218 652 2307 στρατόπεδον.
688 2216 848 2309 Ἀργεῖοι,
871 2220 1026 2306 πατέρων

57 2323 118 2393 καὶ
135 2325 266 2390 παίδων
280 2323 335 2390 καὶ
344 2326 523 2408 γυναικοῖν
532 2320 745 2407 ἑαλωκότων,
760 2319 818 2408 ἐφ’
835 2311 861 2414 ᾧ
875 2326 1026 2390 πεσοῦσαι

57 2421 221 2506 τούτους,
241 2422 304 2510 τήν
316 2449 352 2491 τε
366 2423 479 2520 χώραν
497 2421 625 2502 καὶτὰς
642 2422 755 2503 πόλεις
768 2429 941 2512 Δωριεῦσι
960 2448 1023 2491 πα-

60 2527 229 2616 ρέδωκαν.

420 2700 458 2789 ¹³:
474 2701 667 2757 ΕΤΡΤΠΩΝ.

138 2825 311 2918 Εῦρυπιῦν
343 2825 501 2917 βασιλεύς
524 2833 819 2917 Λακεδαιμονίων,
849 2825 940 2918 δρῦν
967 2828 1026 2899 τὸν

62 2930 145 3020 πρὸς
154 2930 316 3022 Ἀρκάδας
335 2932 481 3019 πόλεμον
496 2931 747 3021 μηκυνόμενον,
775 2932 892 3000 στάσιν
912 2928 1027 3013 αὐτοῖς

62 3039 240 3123 ἐμποιῆσαι
254 3035 490 3124 ’μηχανώμενος
502 3035 634 3124 κήρυκα
648 3040 796 3122 ἐπεμψεν
810 3030 1026 3120 ἀγγέλλοντα,

56 3135 341 3225 “Λακεδαιμόνιοι
354 3137 518 3207 παύονται
535 3141 768 3223 πολεμοῦντες,
783 3134 842 3204 ἐόν
854 3134 933 3216 τοῦς
947 3139 1023 3206 ἐνα-
1071 3198 1078 3208 ,

60 3258 133 3329 γεῖς
147 3237 351 3328 ἐξελύσητε.”
391 3238 537 3319 Τούτους
550 3231 587 3308 δέ
602 3238 688 3308 εἶναι
702 3230 883 3324 τοῦςἎγιν
896 3235 1023 3329 όινηρην

61 3340 168 3422 κότας.
197 3340 296 3430 Οίδή
309 3347 370 3410 τοῦ
385 3342 493 3429 φόνου
508 3339 570 3431 τήν
582 3347 693 3411 αίτίαν
707 3347 856 3428 ἔχοντες,
878 3349 1022 3430 προσδο-
1103 3407 1105 3414 .

60 3453 187 3526 κιόντες
208 3442 274 3514 ὑπὸ
298 3449 359 3513 τοῦ
385 3444 492 3533 δήμου
518 3443 772 3532 διωχθήσεσθαι
801 3441 857 3512 διὰ
884 3443 945 3532 τήν
966 3450 1024 3534 τῆς

61 3548 197 3639 εἰρήνης
217 3550 422 3636 ἐπιθυμίαν,
442 3544 507 3618 σύν
529 3551 740 3638 ἐγχειριδίοις
763 3545 922 3630 ἐλθόντες
940 3544 1021 3618 εἰπέ·
1089 3601 1092 3607 ,
