<?xml version="1.0" encoding="UTF-8"?>
<!DOCTYPE html PUBLIC "-//W3C//DTD XHTML 1.0 Transitional//EN"
    "http://www.w3.org/TR/xhtml1/DTD/xhtml1-transitional.dtd">
<html xmlns="http://www.w3.org/1999/xhtml" xml:lang="en" lang="en">
 <head>
  <title>
</title>
<meta http-equiv="Content-Type" content="text/html;charset=utf-8" />
  <meta name='ocr-system' content='tesseract 3.04.00' />
  <meta name='ocr-capabilities' content='ocr_page ocr_carea ocr_par ocr_line ocrx_word'/>
</head>
<body>
  <div class='ocr_page' id='page_1' title='image "./polyaenistrateg00polygoog_0262.png"; bbox 0 0 2318 3892; ppageno 0'>
   <div class='ocr_carea' id='block_1_1' title="bbox 324 185 1024 250">
    <p class='ocr_par' dir='ltr' id='par_1_1' title="bbox 324 185 1024 250">
     <span class='ocr_line' id='line_1_1' title="bbox 324 185 1024 250; baseline 0.004 -4"><span class='ocrx_word' id='word_1_1' title='bbox 324 186 510 247; x_wconf 82' lang='lat' dir='ltr'><strong><em>BIBAION</em></strong></span> <span class='ocrx_word' id='word_1_2' title='bbox 528 185 756 248; x_wconf 84' lang='lat' dir='ltr'><em>HEMHTON.</em></span> <span class='ocrx_word' id='word_1_3' title='bbox 965 190 1024 250; x_wconf 83' lang='lat'><em>173</em></span> 
     </span>
    </p>
   </div>
   <div class='ocr_carea' id='block_1_2' title="bbox 55 357 1142 3640">
    <p class='ocr_par' dir='ltr' id='par_1_2' title="bbox 55 357 1026 2296">
     <span class='ocr_line' id='line_1_2' title="bbox 55 357 1023 449; baseline 0.002 -22"><span class='ocrx_word' id='word_1_4' title='bbox 55 357 183 446; x_wconf 89' lang='grc' dir='ltr'><em>στάτης</em></span> <span class='ocrx_word' id='word_1_5' title='bbox 203 359 381 446; x_wconf 81' lang='grc' dir='ltr'><em>γενέσθαι,</em></span> <span class='ocrx_word' id='word_1_6' title='bbox 402 360 459 428; x_wconf 81' lang='grc' dir='ltr'><em>καί</em></span> <span class='ocrx_word' id='word_1_7' title='bbox 478 357 556 440; x_wconf 82' lang='grc' dir='ltr'><em>τούς</em></span> <span class='ocrx_word' id='word_1_8' title='bbox 576 357 732 449; x_wconf 78' lang='grc' dir='ltr'><em>ἀρίστους</em></span> <span class='ocrx_word' id='word_1_9' title='bbox 752 366 903 447; x_wconf 79' lang='grc' dir='ltr'><strong><em>τεχνίτας</em></strong></span> <span class='ocrx_word' id='word_1_10' title='bbox 925 363 1023 447; x_wconf 74' lang='grc' dir='ltr'><em>ἕξειν,</em></span> 
     </span>
     <span class='ocr_line' id='line_1_3' title="bbox 55 458 1024 552; baseline 0.003 -22"><span class='ocrx_word' id='word_1_11' title='bbox 55 463 117 530; x_wconf 83' lang='grc' dir='ltr'><em>καὶ</em></span> <span class='ocrx_word' id='word_1_12' title='bbox 132 459 195 549; x_wconf 82' lang='grc' dir='ltr'><em>τήν</em></span> <span class='ocrx_word' id='word_1_13' title='bbox 209 458 295 549; x_wconf 83' lang='grc' dir='ltr'><em>ύλην</em></span> <span class='ocrx_word' id='word_1_14' title='bbox 308 467 488 542; x_wconf 71' lang='grc' dir='ltr'><strong><em>λυσιτελῶς</em></strong></span> <span class='ocrx_word' id='word_1_15' title='bbox 503 465 676 551; x_wconf 80' lang='grc' dir='ltr'><em>παρέξειν,</em></span> <span class='ocrx_word' id='word_1_16' title='bbox 691 464 747 531; x_wconf 78' lang='grc' dir='ltr'><em>καὶ</em></span> <span class='ocrx_word' id='word_1_17' title='bbox 764 468 833 532; x_wconf 85' lang='grc' dir='ltr'><em>τών</em></span> <span class='ocrx_word' id='word_1_18' title='bbox 846 464 1024 552; x_wconf 89' lang='grc' dir='ltr'><em>χρημάτων</em></span> 
     </span>
     <span class='ocr_line' id='line_1_4' title="bbox 55 561 1024 655; baseline 0.003 -22"><span class='ocrx_word' id='word_1_19' title='bbox 55 563 225 652; x_wconf 76' lang='grc' dir='ltr'><em>ἀσφαλεῖς</em></span> <span class='ocrx_word' id='word_1_20' title='bbox 239 563 401 653; x_wconf 73' lang='grc' dir='ltr'><em>ἐγγυητάς</em></span> <span class='ocrx_word' id='word_1_21' title='bbox 416 566 548 634; x_wconf 77' lang='grc' dir='ltr'><em>δώσειν.</em></span> <span class='ocrx_word' id='word_1_22' title='bbox 582 561 825 636; x_wconf 84' lang='grc' dir='ltr'><em>Ἐπίστευσενὸ</em></span> <span class='ocrx_word' id='word_1_23' title='bbox 840 572 960 655; x_wconf 86' lang='grc' dir='ltr'><em>δήμος,</em></span> <span class='ocrx_word' id='word_1_24' title='bbox 981 563 1024 646; x_wconf 78' lang='grc' dir='ltr'><em>ὡς</em></span> 
     </span>
     <span class='ocr_line' id='line_1_5' title="bbox 55 665 1025 756; baseline 0.001 -19"><span class='ocrx_word' id='word_1_25' title='bbox 55 665 209 737; x_wconf 78' lang='grc' dir='ltr'><em>διάτδν</em></span> <span class='ocrx_word' id='word_1_26' title='bbox 238 665 421 736; x_wconf 85' lang='grc' dir='ltr'><em>τελωνικὸν</em></span> <span class='ocrx_word' id='word_1_27' title='bbox 455 674 531 756; x_wconf 83' lang='grc' dir='ltr'><em>βίον</em></span> <span class='ocrx_word' id='word_1_28' title='bbox 557 671 734 756; x_wconf 77' lang='grc' dir='ltr'><em>ἐμπειρίαν</em></span> <span class='ocrx_word' id='word_1_29' title='bbox 768 674 836 737; x_wconf 86' lang='grc' dir='ltr'><em>τών</em></span> <span class='ocrx_word' id='word_1_30' title='bbox 861 670 1025 738; x_wconf 84' lang='grc' dir='ltr'><em>τοιούτων</em></span> 
     </span>
     <span class='ocr_line' id='line_1_6' title="bbox 55 769 1024 861; baseline 0.001 -21"><span class='ocrx_word' id='word_1_31' title='bbox 55 777 183 858; x_wconf 73' lang='grc' dir='ltr'><em>ἔχοντα.</em></span> <span class='ocrx_word' id='word_1_32' title='bbox 218 769 343 858; x_wconf 82' lang='grc' dir='ltr'><em>Λαβών</em></span> <span class='ocrx_word' id='word_1_33' title='bbox 362 769 403 859; x_wconf 85' lang='grc' dir='ltr'><em>δή</em></span> <span class='ocrx_word' id='word_1_34' title='bbox 428 772 468 841; x_wconf 87' lang='grc' dir='ltr'><em>τά</em></span> <span class='ocrx_word' id='word_1_35' title='bbox 490 770 587 841; x_wconf 86' lang='grc' dir='ltr'><em>κοινά</em></span> <span class='ocrx_word' id='word_1_36' title='bbox 609 770 773 861; x_wconf 85' lang='grc' dir='ltr'><em>χρήματα,</em></span> <span class='ocrx_word' id='word_1_37' title='bbox 799 771 943 852; x_wconf 87' lang='grc' dir='ltr'><em>πολλούς</em></span> <span class='ocrx_word' id='word_1_38' title='bbox 963 772 1024 858; x_wconf 66' lang='grc' dir='ltr'><em>μὲν</em></span> 
     </span>
     <span class='ocr_line' id='line_1_7' title="bbox 55 872 1022 962; baseline 0.001 -21"><span class='ocrx_word' id='word_1_39' title='bbox 55 879 243 962; x_wconf 75' lang='grc' dir='ltr'><em>μισθοῦται</em></span> <span class='ocrx_word' id='word_1_40' title='bbox 271 876 402 960; x_wconf 82' lang='grc' dir='ltr'><em>ξένους,</em></span> <span class='ocrx_word' id='word_1_41' title='bbox 433 872 578 952; x_wconf 87' lang='grc' dir='ltr'><em>πολλούς</em></span> <span class='ocrx_word' id='word_1_42' title='bbox 612 875 650 944; x_wconf 76' lang='grc' dir='ltr'><em>δὲ</em></span> <span class='ocrx_word' id='word_1_43' title='bbox 679 872 814 944; x_wconf 86' lang='grc' dir='ltr'><em>ώνεῖται</em></span> <span class='ocrx_word' id='word_1_44' title='bbox 842 872 1022 962; x_wconf 78' lang='grc' dir='ltr'><em>δεσμώτας,</em></span> 
     </span>
     <span class='ocr_line' id='line_1_8' title="bbox 57 972 1022 1066; baseline 0 -20"><span class='ocrx_word' id='word_1_45' title='bbox 57 973 192 1063; x_wconf 87' lang='grc' dir='ltr'><em>πολλήν</em></span> <span class='ocrx_word' id='word_1_46' title='bbox 222 975 258 1044; x_wconf 77' lang='grc' dir='ltr'><em>δὲ</em></span> <span class='ocrx_word' id='word_1_47' title='bbox 284 972 371 1063; x_wconf 84' lang='grc' dir='ltr'><em>ύλην</em></span> <span class='ocrx_word' id='word_1_48' title='bbox 398 980 431 1056; x_wconf 84' lang='grc' dir='ltr'><em>ἐς</em></span> <span class='ocrx_word' id='word_1_49' title='bbox 457 975 519 1066; x_wconf 88' lang='grc' dir='ltr'><em>τήν</em></span> <span class='ocrx_word' id='word_1_50' title='bbox 550 973 657 1065; x_wconf 90' lang='grc' dir='ltr'><em>άκραν</em></span> <span class='ocrx_word' id='word_1_51' title='bbox 685 974 875 1066; x_wconf 75' lang='grc' dir='ltr'><em>ἀνακομίζει</em></span> <span class='ocrx_word' id='word_1_52' title='bbox 902 985 1022 1062; x_wconf 91' lang='grc' dir='ltr'><em>λίθων,</em></span> 
     </span>
     <span class='ocr_line' id='line_1_9' title="bbox 58 1077 1021 1173; baseline 0.001 -25"><span class='ocrx_word' id='word_1_53' title='bbox 58 1078 189 1162; x_wconf 84' lang='grc' dir='ltr'><em>ξύλων,</em></span> <span class='ocrx_word' id='word_1_54' title='bbox 216 1079 368 1168; x_wconf 89' lang='grc' dir='ltr'><em>σιδήρου.</em></span> <span class='ocrx_word' id='word_1_55' title='bbox 397 1077 482 1168; x_wconf 85' lang='grc' dir='ltr'><em>Ἤδη</em></span> <span class='ocrx_word' id='word_1_56' title='bbox 504 1080 541 1148; x_wconf 72' lang='grc' dir='ltr'><em>δὲ</em></span> <span class='ocrx_word' id='word_1_57' title='bbox 560 1084 630 1148; x_wconf 87' lang='grc' dir='ltr'><em>τών</em></span> <span class='ocrx_word' id='word_1_58' title='bbox 650 1087 821 1168; x_wconf 78' lang='grc' dir='ltr'><em>θεμελίων</em></span> <span class='ocrx_word' id='word_1_59' title='bbox 839 1078 1021 1173; x_wconf 78' lang='grc' dir='ltr'><em>ὀρυσσομέ-</em></span> 
     </span>
     <span class='ocr_line' id='line_1_10' title="bbox 58 1176 1024 1272; baseline -0.001 -20"><span class='ocrx_word' id='word_1_60' title='bbox 58 1176 149 1266; x_wconf 84' lang='grc' dir='ltr'><em>νων,</em></span> <span class='ocrx_word' id='word_1_61' title='bbox 175 1187 306 1271; x_wconf 78' lang='grc' dir='ltr'><em>καθῆκε</em></span> <span class='ocrx_word' id='word_1_62' title='bbox 325 1180 385 1250; x_wconf 89' lang='grc' dir='ltr'><em>τὸν</em></span> <span class='ocrx_word' id='word_1_63' title='bbox 405 1182 592 1272; x_wconf 83' lang='grc' dir='ltr'><em>κηρύξαντα</em></span> <span class='ocrx_word' id='word_1_64' title='bbox 599 1235 609 1268; x_wconf 94' lang='grc'><em>,</em></span> <span class='ocrx_word' id='word_1_65' title='bbox 625 1179 644 1206; x_wconf 83' lang='lat'><strong><em>“</em></strong></span> <span class='ocrx_word' id='word_1_66' title='bbox 653 1179 710 1263; x_wconf 72' lang='lat'><em>⁰03</em></span> <span class='ocrx_word' id='word_1_67' title='bbox 733 1177 776 1252; x_wconf 86' lang='grc' dir='ltr'><em>άυ</em></span> <span class='ocrx_word' id='word_1_68' title='bbox 794 1183 926 1272; x_wconf 79' lang='grc' dir='ltr'><em>μηνύσῃ</em></span> <span class='ocrx_word' id='word_1_69' title='bbox 946 1182 1024 1262; x_wconf 79' lang='grc' dir='ltr'><em>τοὺς</em></span> 
     </span>
     <span class='ocr_line' id='line_1_11' title="bbox 58 1284 1022 1378; baseline -0.001 -23"><span class='ocrx_word' id='word_1_70' title='bbox 58 1287 248 1367; x_wconf 67' lang='grc' dir='ltr'><em>αλίαυαντας</em></span> <span class='ocrx_word' id='word_1_71' title='bbox 269 1290 330 1354; x_wconf 83' lang='grc' dir='ltr'><em>τού</em></span> <span class='ocrx_word' id='word_1_72' title='bbox 350 1287 387 1354; x_wconf 78' lang='grc' dir='ltr'><em>ἐν</em></span> <span class='ocrx_word' id='word_1_73' title='bbox 409 1292 450 1378; x_wconf 79' lang='grc' dir='ltr'><em>τή</em></span> <span class='ocrx_word' id='word_1_74' title='bbox 475 1284 562 1376; x_wconf 85' lang='grc' dir='ltr'><em>άκρηι</em></span> <span class='ocrx_word' id='word_1_75' title='bbox 583 1293 685 1355; x_wconf 90' lang='grc' dir='ltr'><em>λίθου</em></span> <span class='ocrx_word' id='word_1_76' title='bbox 705 1287 761 1356; x_wconf 82' lang='grc' dir='ltr'><em>καί</em></span> <span class='ocrx_word' id='word_1_77' title='bbox 781 1286 941 1375; x_wconf 90' lang='grc' dir='ltr'><em>σιδήρου,</em></span> <span class='ocrx_word' id='word_1_78' title='bbox 964 1286 1022 1374; x_wconf 90' lang='grc' dir='ltr'><em>λή-</em></span> 
     </span>
     <span class='ocr_line' id='line_1_12' title="bbox 56 1384 1024 1479; baseline -0.003 -20"><span class='ocrx_word' id='word_1_79' title='bbox 56 1402 160 1471; x_wconf 78' lang='grc' dir='ltr'><em>ψεται</em></span> <span class='ocrx_word' id='word_1_80' title='bbox 180 1384 342 1477; x_wconf 89' lang='grc' dir='ltr'><em>ἀργύριον</em></span> <span class='ocrx_word' id='word_1_81' title='bbox 360 1386 496 1459; x_wconf 87' lang='grc' dir='ltr'><em>τόσον.”</em></span> <span class='ocrx_word' id='word_1_82' title='bbox 531 1388 780 1479; x_wconf 89' lang='grc' dir='ltr'><em>Ἠγανάκτησεν</em></span> <span class='ocrx_word' id='word_1_83' title='bbox 800 1386 818 1458; x_wconf 85' lang='grc' dir='ltr'><strong>ὁ</strong></span> <span class='ocrx_word' id='word_1_84' title='bbox 837 1395 956 1478; x_wconf 85' lang='grc' dir='ltr'><em>δήμος,</em></span> <span class='ocrx_word' id='word_1_85' title='bbox 980 1385 1024 1468; x_wconf 89' lang='grc' dir='ltr'><em>ώς</em></span> 
     </span>
     <span class='ocr_line' id='line_1_13' title="bbox 57 1487 1023 1581; baseline -0.001 -22"><span class='ocrx_word' id='word_1_86' title='bbox 57 1496 118 1581; x_wconf 77' lang='grc' dir='ltr'><em>τῆς</em></span> <span class='ocrx_word' id='word_1_87' title='bbox 129 1487 214 1578; x_wconf 79' lang='grc' dir='ltr'><em>ὕλης</em></span> <span class='ocrx_word' id='word_1_88' title='bbox 227 1494 459 1580; x_wconf 84' lang='grc' dir='ltr'><em>κλεπτομένης.</em></span> <span class='ocrx_word' id='word_1_89' title='bbox 479 1489 513 1560; x_wconf 89' lang='grc' dir='ltr'><strong><em>Ὁ</em></strong></span> <span class='ocrx_word' id='word_1_90' title='bbox 529 1493 576 1577; x_wconf 70' lang='grc' dir='ltr'><em>δὲ,</em></span> <span class='ocrx_word' id='word_1_91' title='bbox 587 1487 782 1578; x_wconf 80' lang='grc' dir='ltr'><em>“ούκούν”,</em></span> <span class='ocrx_word' id='word_1_92' title='bbox 803 1499 878 1581; x_wconf 80' lang='grc' dir='ltr'><em>ἔφη,</em></span> <span class='ocrx_word' id='word_1_93' title='bbox 893 1513 1023 1578; x_wconf 84' lang='grc' dir='ltr'><em>συγχω-</em></span> 
     </span>
     <span class='ocr_line' id='line_1_14' title="bbox 59 1591 1026 1685; baseline 0 -23"><span class='ocrx_word' id='word_1_94' title='bbox 59 1594 185 1684; x_wconf 82' lang='grc' dir='ltr'><em>ρήσακέ</em></span> <span class='ocrx_word' id='word_1_95' title='bbox 196 1621 251 1682; x_wconf 89' lang='grc' dir='ltr'><em>μοι</em></span> <span class='ocrx_word' id='word_1_96' title='bbox 265 1595 466 1682; x_wconf 89' lang='grc' dir='ltr'><em>περιφράξαι</em></span> <span class='ocrx_word' id='word_1_97' title='bbox 476 1593 538 1685; x_wconf 86' lang='grc' dir='ltr'><em>τήν</em></span> <span class='ocrx_word' id='word_1_98' title='bbox 551 1591 763 1683; x_wconf 84' lang='grc' dir='ltr'><em>άκρόπολιν.”</em></span> <span class='ocrx_word' id='word_1_99' title='bbox 780 1593 1026 1683; x_wconf 85' lang='grc' dir='ltr'><em>Συνεχώρησεν</em></span> 
     </span>
     <span class='ocr_line' id='line_1_15' title="bbox 60 1692 1026 1787; baseline -0.003 -20"><span class='ocrx_word' id='word_1_100' title='bbox 60 1692 82 1786; x_wconf 74' lang='grc' dir='ltr'><strong><em>ἡ</em></strong></span> <span class='ocrx_word' id='word_1_101' title='bbox 108 1693 207 1777; x_wconf 82' lang='grc' dir='ltr'><em>πόλις</em></span> <span class='ocrx_word' id='word_1_102' title='bbox 232 1698 433 1787; x_wconf 88' lang='grc' dir='ltr'><em>περιφράξαι</em></span> <span class='ocrx_word' id='word_1_103' title='bbox 457 1701 513 1767; x_wconf 80' lang='grc' dir='ltr'><em>καὶ</em></span> <span class='ocrx_word' id='word_1_104' title='bbox 534 1705 714 1787; x_wconf 82' lang='grc' dir='ltr'><em>περίβολον</em></span> <span class='ocrx_word' id='word_1_105' title='bbox 741 1701 878 1786; x_wconf 82' lang='grc' dir='ltr'><em>ἐγεῖραι.</em></span> <span class='ocrx_word' id='word_1_106' title='bbox 912 1697 1026 1775; x_wconf 90' lang='grc' dir='ltr'><em>Λύσας</em></span> 
     </span>
     <span class='ocr_line' id='line_1_16' title="bbox 62 1797 1026 1887; baseline -0.001 -18"><span class='ocrx_word' id='word_1_107' title='bbox 62 1797 140 1880; x_wconf 82' lang='grc' dir='ltr'><em>τούς</em></span> <span class='ocrx_word' id='word_1_108' title='bbox 155 1798 341 1887; x_wconf 84' lang='grc' dir='ltr'><em>δεσμώτας,</em></span> <span class='ocrx_word' id='word_1_109' title='bbox 355 1817 424 1881; x_wconf 87' lang='grc' dir='ltr'><em>τοῖς</em></span> <span class='ocrx_word' id='word_1_110' title='bbox 437 1808 546 1881; x_wconf 78' lang='grc' dir='ltr'><em>λίθοις</em></span> <span class='ocrx_word' id='word_1_111' title='bbox 560 1801 615 1870; x_wconf 83' lang='grc' dir='ltr'><em>καί</em></span> <span class='ocrx_word' id='word_1_112' title='bbox 628 1815 697 1880; x_wconf 84' lang='grc' dir='ltr'><em>τοῖς</em></span> <span class='ocrx_word' id='word_1_113' title='bbox 712 1802 865 1870; x_wconf 82' lang='grc' dir='ltr'><em>πελέκεσι</em></span> <span class='ocrx_word' id='word_1_114' title='bbox 883 1801 940 1869; x_wconf 82' lang='grc' dir='ltr'><em>καὶ</em></span> <span class='ocrx_word' id='word_1_115' title='bbox 955 1813 1026 1879; x_wconf 86' lang='grc' dir='ltr'><em>ταῖς</em></span> 
     </span>
     <span class='ocr_line' id='line_1_17' title="bbox 61 1897 1025 1993; baseline -0.002 -21"><span class='ocrx_word' id='word_1_116' title='bbox 61 1898 189 1985; x_wconf 76' lang='grc' dir='ltr'><em>ἀξίναις</em></span> <span class='ocrx_word' id='word_1_117' title='bbox 218 1897 374 1988; x_wconf 86' lang='grc' dir='ltr'><em>ὁπλίσας,</em></span> <span class='ocrx_word' id='word_1_118' title='bbox 407 1912 651 1993; x_wconf 82' lang='grc' dir='ltr'><em>Θεσμοφορίων</em></span> <span class='ocrx_word' id='word_1_119' title='bbox 680 1901 788 1973; x_wconf 86' lang='grc' dir='ltr'><em>ὅντων</em></span> <span class='ocrx_word' id='word_1_120' title='bbox 816 1905 1025 1990; x_wconf 77' lang='grc' dir='ltr'><em>ἐπιθέμενος,</em></span> 
     </span>
     <span class='ocr_line' id='line_1_18' title="bbox 64 2002 1026 2095; baseline 0 -22"><span class='ocrx_word' id='word_1_121' title='bbox 64 2003 138 2085; x_wconf 82' lang='grc' dir='ltr'><em>τούς</em></span> <span class='ocrx_word' id='word_1_122' title='bbox 160 2012 336 2086; x_wconf 85' lang='grc' dir='ltr'><em>πλείστους</em></span> <span class='ocrx_word' id='word_1_123' title='bbox 354 2012 423 2074; x_wconf 85' lang='grc' dir='ltr'><em>τών</em></span> <span class='ocrx_word' id='word_1_124' title='bbox 448 2003 584 2095; x_wconf 87' lang='grc' dir='ltr'><em>ἀνδρών</em></span> <span class='ocrx_word' id='word_1_125' title='bbox 610 2002 826 2092; x_wconf 89' lang='grc' dir='ltr'><em>ἀποκτείνας,</em></span> <span class='ocrx_word' id='word_1_126' title='bbox 854 2010 1026 2093; x_wconf 83' lang='grc' dir='ltr'><em>γυναικών</em></span> 
     </span>
     <span class='ocr_line' id='line_1_19' title="bbox 66 2106 1025 2199; baseline -0.003 -20"><span class='ocrx_word' id='word_1_127' title='bbox 66 2110 117 2179; x_wconf 79' lang='grc' dir='ltr'><em>καί</em></span> <span class='ocrx_word' id='word_1_128' title='bbox 135 2113 270 2177; x_wconf 87' lang='grc' dir='ltr'><em>παίδων</em></span> <span class='ocrx_word' id='word_1_129' title='bbox 289 2107 404 2198; x_wconf 89' lang='grc' dir='ltr'><em>κύριος</em></span> <span class='ocrx_word' id='word_1_130' title='bbox 424 2107 588 2189; x_wconf 90' lang='grc' dir='ltr'><em>καταστάς</em></span> <span class='ocrx_word' id='word_1_131' title='bbox 610 2109 815 2199; x_wconf 80' lang='grc' dir='ltr'><em>ἐτυράννησε</em></span> <span class='ocrx_word' id='word_1_132' title='bbox 834 2114 891 2198; x_wconf 89' lang='grc' dir='ltr'><em>τής</em></span> <span class='ocrx_word' id='word_1_133' title='bbox 907 2106 1025 2197; x_wconf 87' lang='grc' dir='ltr'><em>Ἀκρα-</em></span> 
     </span>
     <span class='ocr_line' id='line_1_20' title="bbox 66 2210 385 2296; baseline -0.013 -14"><span class='ocrx_word' id='word_1_134' title='bbox 66 2217 234 2296; x_wconf 80' lang='grc' dir='ltr'><em>γαντίνων</em></span> <span class='ocrx_word' id='word_1_135' title='bbox 247 2210 385 2292; x_wconf 84' lang='grc' dir='ltr'><em>πόλεως.</em></span> 
     </span>
    </p>

    <p class='ocr_par' dir='ltr' id='par_1_3' title="bbox 58 2310 1142 2918">
     <span class='ocr_line' id='line_1_21' title="bbox 138 2310 1060 2403; baseline -0.005 -20"><span class='ocrx_word' id='word_1_136' title='bbox 138 2313 307 2403; x_wconf 90' lang='grc' dir='ltr'><em>Φάλαρις,</em></span> <span class='ocrx_word' id='word_1_137' title='bbox 338 2311 609 2402; x_wconf 72' lang='grc' dir='ltr'><em>Ἀκραγαντίνων</em></span> <span class='ocrx_word' id='word_1_138' title='bbox 637 2313 678 2382; x_wconf 88' lang='grc' dir='ltr'><em>τά</em></span> <span class='ocrx_word' id='word_1_139' title='bbox 704 2310 790 2383; x_wconf 81' lang='grc' dir='ltr'><em>ὅπλα</em></span> <span class='ocrx_word' id='word_1_140' title='bbox 819 2316 1060 2402; x_wconf 72' lang='grc' dir='ltr'><em>παρελέσθαικ</em></span> 
     </span>
     <span class='ocr_line' id='line_1_22' title="bbox 62 2414 1142 2506; baseline -0.006 -18"><span class='ocrx_word' id='word_1_141' title='bbox 62 2416 286 2506; x_wconf 76' lang='grc' dir='ltr'><em>βουλόμενος,</em></span> <span class='ocrx_word' id='word_1_142' title='bbox 307 2414 424 2504; x_wconf 87' lang='grc' dir='ltr'><em>άγώνα</em></span> <span class='ocrx_word' id='word_1_143' title='bbox 448 2415 614 2503; x_wconf 87' lang='grc' dir='ltr'><em>γυμνικδν</em></span> <span class='ocrx_word' id='word_1_144' title='bbox 634 2415 866 2504; x_wconf 84' lang='grc' dir='ltr'><em>λαμπρότατον</em></span> <span class='ocrx_word' id='word_1_145' title='bbox 888 2419 949 2497; x_wconf 78' lang='grc' dir='ltr'><em>ἔξω</em></span> <span class='ocrx_word' id='word_1_146' title='bbox 969 2420 1028 2502; x_wconf 85' lang='grc' dir='ltr'><em>τής</em></span> <span class='ocrx_word' id='word_1_147' title='bbox 1139 2448 1142 2453; x_wconf 94' lang='grc'><em>·</em></span> 
     </span>
     <span class='ocr_line' id='line_1_23' title="bbox 60 2513 1025 2609; baseline -0.005 -19"><span class='ocrx_word' id='word_1_148' title='bbox 60 2521 194 2600; x_wconf 81' lang='grc' dir='ltr'><em>πόλεως</em></span> <span class='ocrx_word' id='word_1_149' title='bbox 207 2519 359 2608; x_wconf 80' lang='grc' dir='ltr'><em>ποιήσειν</em></span> <span class='ocrx_word' id='word_1_150' title='bbox 374 2517 560 2609; x_wconf 84' lang='grc' dir='ltr'><em>ἐπήγγειλε.</em></span> <span class='ocrx_word' id='word_1_151' title='bbox 601 2525 676 2589; x_wconf 76' lang='grc' dir='ltr'><em>Τῶν</em></span> <span class='ocrx_word' id='word_1_152' title='bbox 699 2520 736 2588; x_wconf 79' lang='grc' dir='ltr'><em>δὲ</em></span> <span class='ocrx_word' id='word_1_153' title='bbox 754 2523 901 2588; x_wconf 80' lang='grc' dir='ltr'><em>πολιτῶν</em></span> <span class='ocrx_word' id='word_1_154' title='bbox 918 2513 1025 2586; x_wconf 83' lang='grc' dir='ltr'><em>ἀπάν-</em></span> 
     </span>
     <span class='ocr_line' id='line_1_24' title="bbox 60 2620 1028 2712; baseline -0.004 -20"><span class='ocrx_word' id='word_1_155' title='bbox 60 2650 132 2695; x_wconf 87' lang='grc' dir='ltr'><em>των</em></span> <span class='ocrx_word' id='word_1_156' title='bbox 145 2623 203 2693; x_wconf 80' lang='grc' dir='ltr'><em>ἐπὶ</em></span> <span class='ocrx_word' id='word_1_157' title='bbox 221 2621 284 2712; x_wconf 87' lang='grc' dir='ltr'><em>τήν</em></span> <span class='ocrx_word' id='word_1_158' title='bbox 301 2626 395 2694; x_wconf 83' lang='grc' dir='ltr'><em>θίαν·</em></span> <span class='ocrx_word' id='word_1_159' title='bbox 409 2622 667 2711; x_wconf 90' lang='grc' dir='ltr'><em>προελθόντων,</em></span> <span class='ocrx_word' id='word_1_160' title='bbox 687 2621 744 2702; x_wconf 85' lang='grc' dir='ltr'><em>τάς</em></span> <span class='ocrx_word' id='word_1_161' title='bbox 765 2620 873 2701; x_wconf 78' lang='grc' dir='ltr'><em>πτίλοις</em></span> <span class='ocrx_word' id='word_1_162' title='bbox 894 2627 1028 2700; x_wconf 89' lang='grc' dir='ltr'><em>κλείσας</em></span> 
     </span>
     <span class='ocr_line' id='line_1_25' title="bbox 58 2722 1028 2815; baseline -0.004 -17"><span class='ocrx_word' id='word_1_163' title='bbox 58 2728 245 2815; x_wconf 75' lang='grc' dir='ltr'><em>προσέταξε</em></span> <span class='ocrx_word' id='word_1_164' title='bbox 276 2741 352 2808; x_wconf 42' lang='grc' dir='ltr'><em>τοῖς.</em></span> <span class='ocrx_word' id='word_1_165' title='bbox 371 2725 591 2815; x_wconf 86' lang='grc' dir='ltr'><em>δορυφόροις,</em></span> <span class='ocrx_word' id='word_1_166' title='bbox 625 2723 667 2794; x_wconf 85' lang='grc' dir='ltr'><em>τά</em></span> <span class='ocrx_word' id='word_1_167' title='bbox 699 2722 786 2794; x_wconf 79' lang='grc' dir='ltr'><em>ὅπλα</em></span> <span class='ocrx_word' id='word_1_168' title='bbox 818 2727 886 2794; x_wconf 84' lang='grc' dir='ltr'><em>τών</em></span> <span class='ocrx_word' id='word_1_169' title='bbox 912 2729 1028 2794; x_wconf 84' lang='grc' dir='ltr'><em>οίκιών</em></span> 
     </span>
     <span class='ocr_line' id='line_1_26' title="bbox 61 2832 234 2918; baseline -0.023 -18"><span class='ocrx_word' id='word_1_170' title='bbox 61 2832 234 2918; x_wconf 70' lang='grc' dir='ltr'><em>ἐκφέρειν.</em></span> 
     </span>
    </p>

    <p class='ocr_par' dir='ltr' id='par_1_4' title="bbox 59 2926 1059 3640">
     <span class='ocr_line' id='line_1_27' title="bbox 137 2926 1059 3017; baseline -0.005 -16"><span class='ocrx_word' id='word_1_171' title='bbox 137 2931 306 3017; x_wconf 81' lang='grc' dir='ltr'><em>Φάλαρις,</em></span> <span class='ocrx_word' id='word_1_172' title='bbox 333 2927 607 3011; x_wconf 90' lang='grc' dir='ltr'><em>πολιορκούντων</em></span> <span class='ocrx_word' id='word_1_173' title='bbox 627 2926 898 3017; x_wconf 77' lang='grc' dir='ltr'><em>Ἀκραγαντίνων</em></span> <span class='ocrx_word' id='word_1_174' title='bbox 918 2937 1022 2996; x_wconf 91' lang='grc' dir='ltr'><em>Σικα-</em></span> <span class='ocrx_word' id='word_1_175' title='bbox 1042 2943 1059 2996; x_wconf 79' lang='lat'>3</span> 
     </span>
     <span class='ocr_line' id='line_1_28' title="bbox 59 3022 1026 3119; baseline -0.007 -14"><span class='ocrx_word' id='word_1_176' title='bbox 59 3033 153 3119; x_wconf 82' lang='grc' dir='ltr'><em>νούς,</em></span> <span class='ocrx_word' id='word_1_177' title='bbox 169 3029 211 3105; x_wconf 86' lang='grc' dir='ltr'><em>ού</em></span> <span class='ocrx_word' id='word_1_178' title='bbox 225 3031 414 3119; x_wconf 88' lang='grc' dir='ltr'><em>δυνάμενος</em></span> <span class='ocrx_word' id='word_1_179' title='bbox 425 3028 559 3101; x_wconf 76' lang='grc' dir='ltr'><em>ἀνελεῖν</em></span> <span class='ocrx_word' id='word_1_180' title='bbox 573 3022 695 3111; x_wconf 80' lang='grc' dir='ltr'><em>αὐτούς</em></span> <span class='ocrx_word' id='word_1_181' title='bbox 709 3030 817 3100; x_wconf 80' lang='grc' dir='ltr'><em>πολύν</em></span> <span class='ocrx_word' id='word_1_182' title='bbox 832 3045 925 3099; x_wconf 89' lang='grc' dir='ltr'><em>σῖτον</em></span> <span class='ocrx_word' id='word_1_183' title='bbox 938 3054 1026 3116; x_wconf 89' lang='grc' dir='ltr'><em>παρ-</em></span> 
     </span>
     <span class='ocr_line' id='line_1_29' title="bbox 61 3129 1028 3224; baseline -0.008 -16"><span class='ocrx_word' id='word_1_184' title='bbox 61 3139 351 3224; x_wconf 82' lang='grc' dir='ltr'><em>εσκευασμένους,</em></span> <span class='ocrx_word' id='word_1_185' title='bbox 379 3134 556 3203; x_wconf 90' lang='grc' dir='ltr'><em>διελύσατο</em></span> <span class='ocrx_word' id='word_1_186' title='bbox 583 3132 643 3204; x_wconf 88' lang='grc' dir='ltr'><em>τδν</em></span> <span class='ocrx_word' id='word_1_187' title='bbox 670 3133 833 3221; x_wconf 87' lang='grc' dir='ltr'><em>πόλεμον·</em></span> <span class='ocrx_word' id='word_1_188' title='bbox 861 3129 945 3201; x_wconf 83' lang='grc' dir='ltr'><em>ἀλλά</em></span> <span class='ocrx_word' id='word_1_189' title='bbox 973 3135 1028 3201; x_wconf 83' lang='grc' dir='ltr'><em>καὶ</em></span> 
     </span>
     <span class='ocr_line' id='line_1_30' title="bbox 61 3234 1029 3327; baseline -0.006 -15"><span class='ocrx_word' id='word_1_190' title='bbox 61 3240 121 3312; x_wconf 88' lang='grc' dir='ltr'><em>τδν</em></span> <span class='ocrx_word' id='word_1_191' title='bbox 134 3237 276 3311; x_wconf 81' lang='grc' dir='ltr'><em>ἀπὸτοῦ</em></span> <span class='ocrx_word' id='word_1_192' title='bbox 289 3241 518 3327; x_wconf 84' lang='grc' dir='ltr'><em>στρατοπέδου</em></span> <span class='ocrx_word' id='word_1_193' title='bbox 531 3252 625 3307; x_wconf 85' lang='grc' dir='ltr'><em>σῖτον</em></span> <span class='ocrx_word' id='word_1_194' title='bbox 638 3234 752 3316; x_wconf 80' lang='grc' dir='ltr'><em>αὐτοῖς</em></span> <span class='ocrx_word' id='word_1_195' title='bbox 767 3238 1029 3322; x_wconf 83' lang='grc' dir='ltr'><em>παρακατέθετο,</em></span> 
     </span>
     <span class='ocr_line' id='line_1_31' title="bbox 64 3338 1029 3432; baseline -0.007 -19"><span class='ocrx_word' id='word_1_196' title='bbox 64 3345 276 3432; x_wconf 74' lang='grc' dir='ltr'><em>συνθέμενος</em></span> <span class='ocrx_word' id='word_1_197' title='bbox 294 3338 531 3429; x_wconf 81' lang='grc' dir='ltr'><em>ἀπολήψεσθαι</em></span> <span class='ocrx_word' id='word_1_198' title='bbox 552 3340 612 3409; x_wconf 89' lang='grc' dir='ltr'><em>τόν</em></span> <span class='ocrx_word' id='word_1_199' title='bbox 632 3346 829 3426; x_wconf 78' lang='grc' dir='ltr'><em>θερίζεσθαι</em></span> <span class='ocrx_word' id='word_1_200' title='bbox 854 3341 1029 3426; x_wconf 80' lang='grc' dir='ltr'><em>μέλλοντα.</em></span> 
     </span>
     <span class='ocr_line' id='line_1_32' title="bbox 61 3438 1032 3537; baseline -0.008 -20"><span class='ocrx_word' id='word_1_201' title='bbox 61 3445 229 3537; x_wconf 80' lang='grc' dir='ltr'><em>Ἀσμίνως</em></span> <span class='ocrx_word' id='word_1_202' title='bbox 253 3447 407 3527; x_wconf 78' lang='grc' dir='ltr'><em>ἐδέξαντο</em></span> <span class='ocrx_word' id='word_1_203' title='bbox 426 3448 459 3513; x_wconf 89' lang='grc' dir='ltr'><em>οί</em></span> <span class='ocrx_word' id='word_1_204' title='bbox 478 3451 631 3512; x_wconf 89' lang='grc' dir='ltr'><em>Σικανοί.</em></span> <span class='ocrx_word' id='word_1_205' title='bbox 669 3438 703 3509; x_wconf 83' lang='lat'><em>‘0</em></span> <span class='ocrx_word' id='word_1_206' title='bbox 725 3438 763 3512; x_wconf 66' lang='grc' dir='ltr'><em>δὲ</em></span> <span class='ocrx_word' id='word_1_207' title='bbox 783 3441 932 3526; x_wconf 76' lang='grc' dir='ltr'><em>Φάλαρις</em></span> <span class='ocrx_word' id='word_1_208' title='bbox 951 3441 1032 3522; x_wconf 82' lang='grc' dir='ltr'><em>τοὺς</em></span> 
     </span>
     <span class='ocr_line' id='line_1_33' title="bbox 62 3542 1032 3640; baseline -0.004 -21"><span class='ocrx_word' id='word_1_209' title='bbox 62 3547 293 3640; x_wconf 76' lang='grc' dir='ltr'><em>σιτοφύλακας</em></span> <span class='ocrx_word' id='word_1_210' title='bbox 318 3543 431 3617; x_wconf 81' lang='grc' dir='ltr'><em>αύτών</em></span> <span class='ocrx_word' id='word_1_211' title='bbox 456 3553 609 3632; x_wconf 77' lang='grc' dir='ltr'><em>ἔπεισεν,</em></span> <span class='ocrx_word' id='word_1_212' title='bbox 636 3542 789 3639; x_wconf 73' lang='grc' dir='ltr'><em>ἀργυρίῳ</em></span> <span class='ocrx_word' id='word_1_213' title='bbox 814 3550 1032 3636; x_wconf 85' lang='grc' dir='ltr'><em>διαφθείρας,</em></span> 
     </span>
    </p>
   </div>
   <div class='ocr_carea' id='block_1_3' title="bbox 0 0 1173 3892">
    <p class='ocr_par' dir='ltr' id='par_1_5' title="bbox 0 0 1173 3892">
     <span class='ocr_line' id='line_1_34' title="bbox 0 0 1173 3892; baseline 0 0"><span class='ocrx_word' id='word_1_214' title='bbox 0 0 1173 3892; x_wconf 95' lang='lat' dir='ltr'><em> </em></span> 
     </span>
    </p>
   </div>
  </div>
 </body>
</html>
