2318 3892
44 212 51 229 .
102 159 164 229 288
490 156 676 222 ΒΙΒΛΙΟΝ
1111 184 1113 255 χ

102 346 187 405 θεν·
220 327 305 402 ἀλλά
337 333 477 421 παρεῖδε
506 326 586 411 τοδς
613 325 897 419 ἀποκτεῖναντας,
926 327 1071 420 φάσκων

103 449 214 507 ποιεῖν
233 429 356 514 αὐτοδς
376 430 533 526 ἐντούτῳ
547 433 825 523 προθυμοτέρους
837 434 873 514 ές
885 429 950 503 τόν
969 432 1069 503 πόλε·

100 567 181 630 μον,
202 532 246 618 ἀς
265 532 463 624 ὀφείλοντας
483 530 569 625 ὑπὲρ
590 530 829 624 άμαρτήματος-
839 532 998 624 μεγάλου
1013 532 1070 625 ,διά

100 640 246 730 μεγάλης
258 635 490 728 ἀνδραγαθίας
505 633 791 725 ἀπολογήσασθαι.
820 637 1005 727 Τοιγάρτοι
1017 636 1068 707 καλ

101 747 139 813 έν
173 756 245 822 ταῖς
280 740 399 830 μάχαις
431 743 546 832 πολλῷ
576 739 813 827 γενναιότερον
843 736 1091 828 ήγωνίσανται

102 842 187 916 ὥστε
201 843 258 913 καὶ
271 842 384 932 λήθην
394 845 571 932 ἐμποιῆσαι
585 846 643 931 τής
655 848 706 923 εἰς
717 840 777 912 τόν
787 838 948 931 Ἀλβῖνον
961 868 1069 935 παρα·

100 954 229 1036 νομέας.

67 1071 85 1122 2
180 1047 316 1127 Σύλλας
324 1041 488 1137 Ἀρχελάῳ
507 1047 554 1139 τῷ
569 1041 791 1134 Μιθριδάτου
803 1049 985 1139 στρατηγῷ
997 1043 1071 1136 περὶ

99 1148 299 1241 Ὀρχομενὸν
319 1146 555 1236 παρετάσσετο.
597 1142 706 1235 Ὁρῶν
730 1147 768 1217 δέ
794 1144 874 1227 τούς
890 1142 1071 1236 Ῥωμαίους

101 1250 313 1343 ἡττωμένους
330 1251 387 1317 καὶ
414 1246 619 1337 φεύγοντας,
648 1244 749 1330 αὐτὸς
768 1244 994 1339 ἀποπηδήσας
1013 1252 1096 1323 τοῦα

103 1360 210 1425 ἵππου
228 1354 284 1423 καὶ
301 1364 440 1439 σημεῖον
461 1345 613 1438 ἀρπάσας
626 1346 750 1421 ὠθεῖτο
765 1349 821 1422 διά
833 1356 905 1422 τῶν
917 1351 1068 1440 φευγόν·

104 1484 173 1526 των
196 1459 229 1537 ές
247 1451 326 1533 τούς
343 1458 540 1539 πολεμίους,
561 1457 670 1541 βοοῖν,
693 1449 711 1477 “
724 1451 813 1542 Ἐμοὶ
831 1452 897 1543 μὲν
917 1455 1070 1525 ἐνταῦθα

104 1555 225 1645 καλὸν,
247 1548 273 1626 ὦ
289 1552 458 1644 Ῥωμαῖοι,
478 1561 656 1624 τελευτάν·
677 1549 774 1643 ὑμεῖς
796 1555 833 1626 δέ
847 1571 919 1637 τοῖς
931 1568 1068 1627 πυνθα·

64 1670 67 1674 ’
104 1661 274 1750 νομένοις,
287 1663 362 1729 Ποῦ
376 1657 612 1747 προδεδώκατε
620 1656 778 1745 Σόλλαν,
791 1660 970 1748 μέμνησθε
984 1658 1068 1751 φρά-

104 1771 183 1850 ζειν,
195 1761 248 1831 Ἐν
257 1756 479 1853 ’ορχομενῷ.”
495 1757 698 1834 ,Τοῦιοντδν
712 1759 813 1848 λόγον
821 1757 977 1849 Ῥωμαῖοι
990 1789 1066 1831 κατ·
1079 1792 1093 1835 υ

105 1866 320 1943 αιδεσθέντες
341 1859 567 1951 ἀνέστρεψαν,
584 1862 642 1933 καλ
664 1863 848 1956 προθύμως
867 1864 1069 1953 ἐμβαλόντες

105 1966 286 2056 ἐτρέψαντο
301 1961 380 2044 τούς
393 1969 582 2052 πολεμίους.

477 2139 519 2200 Ῑδ.
538 2145 691 2199 ΜΑΡΙΟΣ.
812 2158 818 2173 ·

58 2272 82 2342 1'
174 2265 310 2358 Μάριος
322 2269 501 2356 Κιμβρέων
522 2270 579 2338 καὶ
598 2267 778 2340 Τευτόνων
794 2272 829 2351 ές
844 2266 908 2360 τήν
924 2267 1068 2343 Ἰταλίαν

104 2371 336 2461 ἐμβαλόντων,
348 2367 477 2460 ἀγρίων
490 2366 697 2461 ἀνθρώπων,
710 2371 884 2462 μεγάλων,
901 2370 965 2456 τάς
976 2371 1094 2459 όψειςε

102 2472 312 2560 ἀλλοκότων,
333 2470 488 2562 θηριώδη
507 2470 570 2562 τήν
583 2471 703 2562 φωνήν
716 2472 879 2562 ἐχόντων,
896 2476 955 2546 έπλ
973 2484 1068 2548 πλοῖ·

104 2574 184 2647 στον
203 2572 282 2647 ὅσον
309 2571 350 2645 οὐ
374 2577 561 2664 συνέβαλεν
591 2572 625 2657 ἐς
645 2574 772 2665 μάχην,
797 2572 893 2649 ἓἀλλά
910 2578 1069 2651 ἐκέλευσε

103 2676 181 2758 τούς
201 2677 403 2767 στρατιώτας
421 2683 481 2748 τοῦ
501 2677 646 2768 χάρακος
659 2677 836 2768 προῖόντας
848 2686 873 2773 †
887 2681 1070 2771 ἐμβάλλειν

104 2781 183 2865 [καὶ]
198 2778 379 2869 πόρρωθεν
400 2783 612 2870 ἱσταμένους,
627 2777 777 2870 ὁρῶντας
793 2779 872 2864 τούς
886 2791 1070 2874 πολεμίους

105 2891 228 2969 εῖθιζε,
252 2879 313 2970 τήν
326 2879 461 2972 μορφήν
480 2881 593 2954 αὐτῶν
606 2879 787 2972 ἀνέχεσθαι
800 2887 857 2955 καὶ
869 2882 933 2976 τήν
947 2884 1067 2977 φωνήν
1079 2923 1095 2964 ε

104 2982 289 3076 ὑπομένειν
306 2985 364 3053 καὶ
383 2981 445 3074 τήν
459 2981 538 3068 όψιν
551 2986 713 3076 χειροήθη
727 2998 911 3059 ποιεῖσθαι.
949 2984 1068 3071 Οὕτως

103 3086 169 3178 ἀρα
187 3093 221 3159 οδ
232 3091 449 3178 στρατιῶται,
471 3085 509 3156 τὸ
528 3087 659 3178 θάμβος
674 3092 743 3158 των
760 3087 947 3181 βαρβάρων
966 3089 1065 3163 έπλά·

104 3211 239 3277 σαντες,
260 3188 515 3279 κατεφρόνησαν
535 3188 650 3261 αὐτόν
668 3191 724 3260 καὶ
742 3189 803 3261 τόν
816 3190 957 3283 Μάριον
969 3190 1067 3264 αὐτοὶ

103 3292 316 3384 παρεκάλουν
335 3292 465 3379 ἐξάγειν
485 3289 609 3374 αὐτοὺς
627 3294 683 3364 ἐπὶ
701 3291 764 3384 τήν
782 3293 911 3385 μάχην·
943 3296 1001 3378 καὶΙ
1024 3293 1066 3385 δή

104 3414 306 3428 -ι--ι-σ-

170 3457 238 3523 cap.
258 3457 284 3510 ο.
322 3461 345 3521 ς.
361 3460 386 3508 ι.
423 3459 466 3508 οι
486 3457 559 3508 Ριοι.
576 3430 656 3509 ‘sana
674 3460 716 3511 ει.

170 3525 239 3593 Gap.
258 3526 300 3579 10.
337 3528 361 3590 ξ.
381 3527 408 3581 1.
443 3528 486 3579 Ex
502 3526 576 3579 Plut.
595 3528 683 3581 Murio
701 3528 742 3583 16.
