2318 3892
486 188 668 250 ΟΓΔΟΟΝ.
992 183 1049 245 311

96 365 228 452 ναμένη
240 365 337 453 μεχρὶ
356 367 483 433 πολλοῦ
493 360 598 454 Κύρῳ
612 367 720 451 συνῆν
734 358 777 442 τός
790 361 944 450 θυγάτηρ
954 357 1051 449 Ἀμύ-

95 473 207 547 σιδος·
231 463 331 556 ἡνίκα
354 466 393 536 δέ
413 471 547 536 πολλῦν
566 467 694 535 τέκνων
714 467 845 553 ἐγένετο
868 465 975 555 μήτηρ
995 467 1052 534 καὶ

95 568 156 641 τόν
175 568 337 659 γήμαντα
363 573 397 650 ἐς
424 567 561 640 εὔνοιαν
595 573 807 657 ἐκεχείρωτο,
837 565 1051 657 ὡμολόγησεν

91 669 233 764 Ἀπρίην
253 669 339 761 αῦτῇ
354 675 480 761 πατέρα
494 674 671 760 γενέσθαι,
692 671 752 742 τόν
773 672 939 759 δεσπότην
955 669 1049 758 'Aud-

69 782 201 858 ισιδος.
232 773 346 846 “Ἀλλ’
371 783 402 846 εί
419 778 476 845 καί
494 780 661 864 τέθνηκεν
673 774 826 865 Ἄμασις,
845 773 904 845 τόν
922 774 961 862 γέ
974 773 1050 847 υἱόν

94 876 200 955 αὖσοῦ
216 879 434 969 Ψαμμήτιχον
451 887 608 949 τίσασθαι
628 876 763 949 καλόν.”
801 886 965 948 Πείθεται
977 883 1049 946 Κῦ-

95 1009 162 1072 ρος.
195 980 292 1053 Ἀλλῦ
311 985 367 1068 καὶ
381 989 492 1070 Κῦρος
505 982 567 1071 μέν
580 980 645 1071 πρό
658 988 715 1070 τῆς
728 990 900 1070 στρατείας
917 982 1048 1050 ἐτελεύ-

95 1106 211 1175 τησεν·
234 1083 253 1156 ὁ
268 1087 305 1156 δέ
319 1102 396 1165 παῖς
418 1085 523 1156 αὐτοῦ
536 1086 721 1175 Καμβύσης
732 1092 772 1174 τῇ
786 1088 884 1174 μητρὶ
898 1087 1050 1163 πεισθείς

92 1188 303 1280 ἐστράτευσε,
319 1191 376 1258 καὶ
389 1188 451 1279 τὴν
464 1196 663 1277 Αἰγυπτίαν
674 1187 782 1280 ἀρχὴν
796 1192 829 1269 ές
842 1187 901 1258 τὸν
910 1186 1049 1276 Ἀκρίου

56 1296 79 1361 Ἰ
92 1295 191 1381 γένος
204 1289 417 1382 ἀνεκτήσατο.

56 1406 61 1447 Ι
454 1472 499 1531 30.
520 1473 687 1526 ΦῙΑΩΤΙΣ.

164 1598 237 1670 Ἐπὶ
247 1596 425 1689 Ῥωμαίους
435 1602 659 1688 ἐστράτευσαν
666 1605 804 1668 Λατῖνοι
818 1596 965 1689 ἡγεμόνα
980 1608 1047 1667 Πο-

88 1701 251 1793 στούμιον
264 1711 413 1792 ἔχοντες,
427 1704 483 1771 καὶ
497 1701 555 1783 τῦς
568 1704 759 1789 θυγατέρας
779 1700 892 1773 αὐτῶν
912 1702 1050 1794 ἐξῄτουν

89 1807 174 1895 πρὸς
189 1806 312 1896 γάμου,
327 1802 438 1893 ὥσπερ
453 1802 548 1874 αῦτοὶ
561 1802 619 1885 τὰς
632 1811 793 1892 Σαβίνων
807 1802 977 1895 ἥρπασαν,
994 1806 1048 1873 ἐπὶ

55 1936 69 1979 ε
90 1915 140 2004 τῷ
160 1917 364 1979 σπείσασθαι
377 1908 441 1998 την
461 1906 609 1996 είρηυην.
636 1901 787 1995 Ῥωμαῖοι
801 1907 860 1979 τόν
872 1909 935 1998 μέν
948 1908 1045 1979 πόλε-
1076 1936 1086 1957 ·

89 2040 156 2105 μου
171 2016 372 2101 ἐφοβοῦντο,
392 2010 450 2092 τδις
472 2012 509 2081 δέ
529 2011 717 2101 θυγατέρας
736 2007 797 2099 οῦχ
810 2008 979 2102 ὑπέμενον
991 2017 1046 2083 ἐκ-

90 2121 225 2186 δοῦναι.
254 2113 360 2185 Ἔνθα
373 2113 414 2205 δὴ
429 2119 572 2195 Φιλῦτις
584 2112 792 2202 θεράπαινα,
812 2114 874 2204 τὴν
893 2113 973 2198 όιγιν
990 2114 1046 2186 εῦ-

89 2217 237 2308 κρεπής,
262 2220 532 2306 συνεβούλευσεν
558 2214 664 2305 αὑτήν
689 2244 725 2286 τε
744 2220 801 2286 καὶ
820 2216 922 2298 όίλλας
942 2230 1045 2308 θερα-

89 2327 231 2408 παίνας,
259 2318 335 2391 ὅσαι
354 2319 417 2410 τὴν
435 2318 516 2404 ὄψιν
536 2317 682 2404 ἆστεῖαι,
710 2327 871 2409 κοσμῆσαι
897 2323 953 2392 καὶ
980 2338 1048 2401 τοῖς

55 2459 72 2500 ο
91 2431 263 2513 πολεμίοις
284 2420 328 2505 ῦς
352 2425 542 2512 θυγατέρας
568 2424 749 2511 ἐκπέμψαι,
778 2427 1047 2513 προσυνθεμένη,

88 2525 267 2600 ἐπειδῦνοί
271 2529 422 2615 πολέμιοι
436 2526 594 2614 λαβόντες
603 2521 1046 2613 αῦτάςῦναπαύσὼνται,νύ-

89 2658 179 2720 κτωρ
187 2628 346 2718 ἀνασχεῖν
358 2629 555 2714 πυρσόν.οί
565 2629 628 2718 μὲν
640 2638 779 2698 Λατῖνοι
793 2633 1048 2702 συνεκάθευδον
1148 2670 1152 2676 -

88 2751 162 2815 ταῖς
175 2734 305 2823 κόραις·
326 2730 347 2822 η
362 2733 399 2802 δὲ
414 2730 531 2819 ῦυέσχε
544 2729 603 2801 τόν
618 2730 757 2816 πυρσόν.
783 2737 826 2802 Ol
841 2729 991 2824 Ῥωμαῖοι
1010 2736 1046 2804 δὲ

91 2837 291 2916 ἐπελθόντες
313 2835 391 2918 τοῦς
403 2845 570 2915 Λατίνους
592 2833 822 2917 καθεύδοντας
836 2835 1045 2908 ἀπέκτειναν.

56 3026 78 3066 τ
294 3000 298 3012 “
455 3016 493 3070 ³1.
511 3016 677 3069 KAOIAIA.

162 3141 314 3232 Ῥωμαῖοι
353 3150 536 3230 Τυρρηνοῖς
568 3148 789 3230 πολεμοῦντες
829 3141 1045 3230 ποιησόμενοι

91 3248 264 3337 συνθήκας
288 3253 422 3316 ἔδωκαν
447 3242 560 3326 αὐτοῖς
585 3240 730 3335 ὁμήρους
754 3250 823 3314 τῶν
847 3242 1043 3333 εὐγενεστά-

157 3513 229 3580 Gap·
246 3511 289 3565 30.
325 3515 367 3565 Ex
381 3511 454 3565 Plut.
473 3490 588 3564 Rofflulo
605 3510 649 3562 29.

93 3638 95 3643 ,
159 3583 228 3651 Gap.
247 3583 292 3635 ³1.
328 3584 372 3635 Ex
389 3582 460 3637 Plut.
475 3582 510 3636 δε
522 3583 586 3636 virt.
607 3579 670 3633 mul.
686 3577 728 3634 14.
