<?xml version="1.0" encoding="UTF-8"?>
<!DOCTYPE html PUBLIC "-//W3C//DTD XHTML 1.0 Transitional//EN"
    "http://www.w3.org/TR/xhtml1/DTD/xhtml1-transitional.dtd">
<html xmlns="http://www.w3.org/1999/xhtml" xml:lang="en" lang="en">
 <head>
  <title>
</title>
<meta http-equiv="Content-Type" content="text/html;charset=utf-8" />
  <meta name='ocr-system' content='tesseract 3.04.00' />
  <meta name='ocr-capabilities' content='ocr_page ocr_carea ocr_par ocr_line ocrx_word'/>
</head>
<body>
  <div class='ocr_page' id='page_1' title='image "./polyaenistrateg00polygoog_0212.png"; bbox 0 0 2318 3892; ppageno 0'>
   <div class='ocr_carea' id='block_1_1' title="bbox 319 188 776 262">
    <p class='ocr_par' dir='ltr' id='par_1_1' title="bbox 319 188 776 262">
     <span class='ocr_line' id='line_1_1' title="bbox 319 188 776 262; baseline -0.007 -2"><span class='ocrx_word' id='word_1_1' title='bbox 319 189 501 260; x_wconf 87' lang='grc' dir='ltr'><strong>ΒΙΒΛΙΟΝ</strong></span> <span class='ocrx_word' id='word_1_2' title='bbox 527 188 776 262; x_wconf 81' lang='grc' dir='ltr'><strong><em>ΤΕΤΑΡΤΟΝ.</em></strong></span> 
     </span>
    </p>
   </div>
   <div class='ocr_carea' id='block_1_2' title="bbox 10 407 1017 929">
    <p class='ocr_par' dir='ltr' id='par_1_2' title="bbox 64 407 1017 723">
     <span class='ocr_line' id='line_1_2' title="bbox 137 407 1017 508; baseline -0.002 -20"><span class='ocrx_word' id='word_1_3' title='bbox 137 407 216 488; x_wconf 77' lang='grc' dir='ltr'><strong><em>Καὶ</em></strong></span> <span class='ocrx_word' id='word_1_4' title='bbox 236 414 312 486; x_wconf 92' lang='grc' dir='ltr'><strong><em>τόδε</em></strong></span> <span class='ocrx_word' id='word_1_5' title='bbox 332 413 414 507; x_wconf 78' lang='grc' dir='ltr'><strong><em>ὑμῖν</em></strong></span> <span class='ocrx_word' id='word_1_6' title='bbox 432 421 589 508; x_wconf 77' lang='grc' dir='ltr'><strong><em>τέταρτον</em></strong></span> <span class='ocrx_word' id='word_1_7' title='bbox 602 425 752 506; x_wconf 79' lang='grc' dir='ltr'><strong><em>βιβλίον,</em></strong></span> <span class='ocrx_word' id='word_1_8' title='bbox 772 414 941 506; x_wconf 82' lang='grc' dir='ltr'><strong><em>ίερότατοι</em></strong></span> <span class='ocrx_word' id='word_1_9' title='bbox 956 424 1017 506; x_wconf 84' lang='grc' dir='ltr'><strong><em>βα·</em></strong></span> 
     </span>
     <span class='ocr_line' id='line_1_3' title="bbox 65 525 1017 620; baseline 0.002 -26"><span class='ocrx_word' id='word_1_10' title='bbox 65 536 169 607; x_wconf 83' lang='grc' dir='ltr'><strong><em>σιλεῑς</em></strong></span> <span class='ocrx_word' id='word_1_11' title='bbox 179 525 356 599; x_wconf 85' lang='grc' dir='ltr'><strong><em>Ἀντωνῐνε</em></strong></span> <span class='ocrx_word' id='word_1_12' title='bbox 371 531 427 599; x_wconf 83' lang='grc' dir='ltr'><strong><em>καὶ</em></strong></span> <span class='ocrx_word' id='word_1_13' title='bbox 443 527 571 620; x_wconf 80' lang='grc' dir='ltr'><strong><em>Οόῆρε,</em></strong></span> <span class='ocrx_word' id='word_1_14' title='bbox 590 530 769 619; x_wconf 78' lang='grc' dir='ltr'><strong><em>προσφέρω</em></strong></span> <span class='ocrx_word' id='word_1_15' title='bbox 783 533 853 599; x_wconf 79' lang='grc' dir='ltr'><strong><em>τάν</em></strong></span> <span class='ocrx_word' id='word_1_16' title='bbox 867 537 1017 618; x_wconf 83' lang='grc' dir='ltr'><strong><em>Στρατη-</em></strong></span> 
     </span>
     <span class='ocr_line' id='line_1_4' title="bbox 64 629 1017 723; baseline 0.001 -24"><span class='ocrx_word' id='word_1_17' title='bbox 64 629 238 719; x_wconf 85' lang='grc' dir='ltr'><strong><em>γημάτων·</em></strong></span> <span class='ocrx_word' id='word_1_18' title='bbox 262 637 360 701; x_wconf 84' lang='grc' dir='ltr'><strong><em>τοῦτο</em></strong></span> <span class='ocrx_word' id='word_1_19' title='bbox 382 632 444 721; x_wconf 73' lang='grc' dir='ltr'><strong><em>μὲν</em></strong></span> <span class='ocrx_word' id='word_1_20' title='bbox 464 631 506 722; x_wconf 77' lang='grc' dir='ltr'><strong><em>δὴ</em></strong></span> <span class='ocrx_word' id='word_1_21' title='bbox 526 634 583 703; x_wconf 79' lang='grc' dir='ltr'><strong><em>καί</em></strong></span> <span class='ocrx_word' id='word_1_22' title='bbox 606 629 704 723; x_wconf 80' lang='grc' dir='ltr'><strong><em>ἥδιον</em></strong></span> <span class='ocrx_word' id='word_1_23' title='bbox 725 637 793 701; x_wconf 85' lang='grc' dir='ltr'><strong><em>των</em></strong></span> <span class='ocrx_word' id='word_1_24' title='bbox 812 629 923 701; x_wconf 85' lang='grc' dir='ltr'><strong><em>άλλων</em></strong></span> <span class='ocrx_word' id='word_1_25' title='bbox 936 653 1017 720; x_wconf 94' lang='grc' dir='ltr'><strong><em>συγ-</em></strong></span> 
     </span>
    </p>

    <p class='ocr_par' dir='ltr' id='par_1_3' title="bbox 10 725 1017 929">
     <span class='ocr_line' id='line_1_5' title="bbox 10 725 1017 829; baseline 0 -26"><span class='ocrx_word' id='word_1_26' title='bbox 10 792 22 818; x_wconf 86' lang='grc'><strong><em>,</em></strong></span> <span class='ocrx_word' id='word_1_27' title='bbox 66 731 210 823; x_wconf 79' lang='grc' dir='ltr'><strong><em>γράψας,</em></strong></span> <span class='ocrx_word' id='word_1_28' title='bbox 230 735 268 804; x_wconf 80' lang='grc' dir='ltr'><strong><em>ἐν</em></strong></span> <span class='ocrx_word' id='word_1_29' title='bbox 282 725 309 829; x_wconf 75' lang='grc' dir='ltr'><em>ᾧ</em></span> <span class='ocrx_word' id='word_1_30' title='bbox 325 734 549 824; x_wconf 76' lang='grc' dir='ltr'><em>καταμάθοιτε</em></span> <span class='ocrx_word' id='word_1_31' title='bbox 562 731 605 806; x_wconf 76' lang='grc' dir='ltr'><strong><em>ἂν</em></strong></span> <span class='ocrx_word' id='word_1_32' title='bbox 617 734 675 816; x_wconf 80' lang='grc' dir='ltr'><strong><em>τὰς</em></strong></span> <span class='ocrx_word' id='word_1_33' title='bbox 688 732 806 825; x_wconf 83' lang='grc' dir='ltr'><strong><em>ιἰρετάς</em></strong></span> <span class='ocrx_word' id='word_1_34' title='bbox 818 740 887 804; x_wconf 77' lang='grc' dir='ltr'><strong><em>τῶν</em></strong></span> <span class='ocrx_word' id='word_1_35' title='bbox 903 731 1017 823; x_wconf 81' lang='grc' dir='ltr'><strong><em>ἡμετέ-</em></strong></span> 
     </span>
     <span class='ocr_line' id='line_1_6' title="bbox 41 836 935 929; baseline -0.001 -23"><span class='ocrx_word' id='word_1_36' title='bbox 41 861 50 899; x_wconf 77' lang='lat'>⁵</span> <span class='ocrx_word' id='word_1_37' title='bbox 64 863 136 927; x_wconf 86' lang='grc' dir='ltr'><strong><em>ρων</em></strong></span> <span class='ocrx_word' id='word_1_38' title='bbox 151 836 344 927; x_wconf 82' lang='grc' dir='ltr'><strong><em>προγόνων,</em></strong></span> <span class='ocrx_word' id='word_1_39' title='bbox 358 845 391 907; x_wconf 83' lang='grc' dir='ltr'><strong><em>οἳ</em></strong></span> <span class='ocrx_word' id='word_1_40' title='bbox 401 843 460 929; x_wconf 76' lang='grc' dir='ltr'><strong><em>τῆς</em></strong></span> <span class='ocrx_word' id='word_1_41' title='bbox 476 844 692 917; x_wconf 81' lang='grc' dir='ltr'><strong><em>Μακεδονίας</em></strong></span> <span class='ocrx_word' id='word_1_42' title='bbox 705 841 935 928; x_wconf 79' lang='grc' dir='ltr'><strong><em>ἐβασίλευσαν.</em></strong></span> 
     </span>
    </p>
   </div>
   <div class='ocr_carea' id='block_1_3' title="bbox 10 1050 646 1106">
    <p class='ocr_par' dir='ltr' id='par_1_4' title="bbox 10 1050 646 1106">
     <span class='ocr_line' id='line_1_7' title="bbox 10 1050 646 1106; baseline -0.016 7"><span class='ocrx_word' id='word_1_43' title='bbox 10 1062 29 1095; x_wconf 78' lang='lat'>⁸</span> <span class='ocrx_word' id='word_1_44' title='bbox 440 1050 460 1106; x_wconf 89' lang='lat' dir='ltr'><strong><em>l.</em></strong></span> <span class='ocrx_word' id='word_1_45' title='bbox 480 1053 646 1106; x_wconf 75' lang='grc' dir='ltr'><strong>ΑΡΓΑΙΟΣ.</strong></span> 
     </span>
    </p>
   </div>
   <div class='ocr_carea' id='block_1_4' title="bbox 9 1191 1060 2831">
    <p class='ocr_par' dir='ltr' id='par_1_5' title="bbox 10 1191 1051 1496">
     <span class='ocr_line' id='line_1_8' title="bbox 11 1191 1051 1285; baseline -0.003 -14"><span class='ocrx_word' id='word_1_46' title='bbox 11 1264 13 1271; x_wconf 82' lang='grc'><strong><em>,</em></strong></span> <span class='ocrx_word' id='word_1_47' title='bbox 136 1191 287 1285; x_wconf 84' lang='grc' dir='ltr'><strong><em>Ἀργαῐος</em></strong></span> <span class='ocrx_word' id='word_1_48' title='bbox 299 1193 455 1282; x_wconf 74' lang='grc' dir='ltr'><strong><em>βασιλεὺς</em></strong></span> <span class='ocrx_word' id='word_1_49' title='bbox 467 1193 697 1280; x_wconf 89' lang='grc' dir='ltr'><strong><em>Μακεδόνων,</em></strong></span> <span class='ocrx_word' id='word_1_50' title='bbox 722 1198 939 1264; x_wconf 80' lang='grc' dir='ltr'><strong><em>Ταυλαντίων</em></strong></span> <span class='ocrx_word' id='word_1_51' title='bbox 952 1193 1017 1264; x_wconf 90' lang='grc' dir='ltr'><strong><em>Γά-</em></strong></span> <span class='ocrx_word' id='word_1_52' title='bbox 1039 1219 1051 1268; x_wconf 90' lang='lat'><em>1</em></span> 
     </span>
     <span class='ocr_line' id='line_1_9' title="bbox 10 1297 1017 1388; baseline -0.001 -21"><span class='ocrx_word' id='word_1_53' title='bbox 10 1341 21 1367; x_wconf 89' lang='lat'><strong><em>-.</em></strong></span> <span class='ocrx_word' id='word_1_54' title='bbox 62 1307 202 1387; x_wconf 87' lang='grc' dir='ltr'><strong><em>λαυρος·</em></strong></span> <span class='ocrx_word' id='word_1_55' title='bbox 235 1298 432 1368; x_wconf 79' lang='grc' dir='ltr'><strong><em>Ταυλάντιοι</em></strong></span> <span class='ocrx_word' id='word_1_56' title='bbox 457 1297 696 1388; x_wconf 75' lang='grc' dir='ltr'><strong><em>στρατεύουσιν</em></strong></span> <span class='ocrx_word' id='word_1_57' title='bbox 727 1299 782 1366; x_wconf 77' lang='grc' dir='ltr'><strong><em>ἐπὶ</em></strong></span> <span class='ocrx_word' id='word_1_58' title='bbox 806 1297 1017 1378; x_wconf 79' lang='grc' dir='ltr'><strong><em>Μακεδόνας.</em></strong></span> 
     </span>
     <span class='ocr_line' id='line_1_10' title="bbox 19 1392 1016 1496; baseline 0.002 -29"><span class='ocrx_word' id='word_1_59' title='bbox 19 1427 44 1470; x_wconf 81' lang='grc' dir='ltr'><strong><em>ιο</em></strong></span> <span class='ocrx_word' id='word_1_60' title='bbox 60 1397 228 1489; x_wconf 75' lang='grc' dir='ltr'><strong><em>Ἀργαῖος,</em></strong></span> <span class='ocrx_word' id='word_1_61' title='bbox 248 1392 292 1490; x_wconf 83' lang='grc' dir='ltr'><strong><em>ἦν</em></strong></span> <span class='ocrx_word' id='word_1_62' title='bbox 306 1400 369 1491; x_wconf 82' lang='grc' dir='ltr'><strong><em>γὰρ</em></strong></span> <span class='ocrx_word' id='word_1_63' title='bbox 386 1398 476 1496; x_wconf 78' lang='grc' dir='ltr'><strong><em>αὐτῷ</em></strong></span> <span class='ocrx_word' id='word_1_64' title='bbox 488 1403 559 1491; x_wconf 81' lang='grc' dir='ltr'><strong><em>χεὶρ</em></strong></span> <span class='ocrx_word' id='word_1_65' title='bbox 572 1399 687 1488; x_wconf 82' lang='grc' dir='ltr'><strong><em>όλίγη,</em></strong></span> <span class='ocrx_word' id='word_1_66' title='bbox 712 1399 842 1470; x_wconf 81' lang='grc' dir='ltr'><strong><em>κελεύει</em></strong></span> <span class='ocrx_word' id='word_1_67' title='bbox 860 1400 919 1480; x_wconf 82' lang='grc' dir='ltr'><strong><em>τός</em></strong></span> <span class='ocrx_word' id='word_1_68' title='bbox 932 1394 1016 1488; x_wconf 80' lang='grc' dir='ltr'><strong><em>παρ-</em></strong></span> 
     </span>
    </p>

    <p class='ocr_par' dir='ltr' id='par_1_6' title="bbox 60 1502 1060 1798">
     <span class='ocr_line' id='line_1_11' title="bbox 61 1502 1016 1591; baseline -0.002 -17"><span class='ocrx_word' id='word_1_69' title='bbox 61 1505 188 1583; x_wconf 78' lang='grc' dir='ltr'><strong><em>θένους</em></strong></span> <span class='ocrx_word' id='word_1_70' title='bbox 206 1509 275 1573; x_wconf 79' lang='grc' dir='ltr'><strong><em>τῶν</em></strong></span> <span class='ocrx_word' id='word_1_71' title='bbox 287 1503 517 1590; x_wconf 76' lang='grc' dir='ltr'><strong><em>Μακεδόνων,</em></strong></span> <span class='ocrx_word' id='word_1_72' title='bbox 540 1502 677 1574; x_wconf 81' lang='grc' dir='ltr'><strong><em>ἐπειδὰν</em></strong></span> <span class='ocrx_word' id='word_1_73' title='bbox 698 1507 732 1572; x_wconf 91' lang='grc' dir='ltr'><strong><em>οί</em></strong></span> <span class='ocrx_word' id='word_1_74' title='bbox 743 1505 894 1591; x_wconf 82' lang='grc' dir='ltr'><strong><em>πολέμιοι</em></strong></span> <span class='ocrx_word' id='word_1_75' title='bbox 914 1525 1016 1587; x_wconf 93' lang='grc' dir='ltr'><strong><em>προσ-</em></strong></span> 
     </span>
     <span class='ocr_line' id='line_1_12' title="bbox 61 1601 1060 1696; baseline -0.003 -20"><span class='ocrx_word' id='word_1_76' title='bbox 61 1607 169 1694; x_wconf 85' lang='grc' dir='ltr'><strong><em>άγωσι</em></strong></span> <span class='ocrx_word' id='word_1_77' title='bbox 188 1604 249 1694; x_wconf 81' lang='grc' dir='ltr'><strong><em>τὴν</em></strong></span> <span class='ocrx_word' id='word_1_78' title='bbox 274 1607 448 1696; x_wconf 90' lang='grc' dir='ltr'><strong><em>φάλαγγα,</em></strong></span> <span class='ocrx_word' id='word_1_79' title='bbox 478 1605 580 1688; x_wconf 84' lang='grc' dir='ltr'><strong><em>αὐτάς</em></strong></span> <span class='ocrx_word' id='word_1_80' title='bbox 605 1608 643 1676; x_wconf 80' lang='grc' dir='ltr'><strong><em>ἐκ</em></strong></span> <span class='ocrx_word' id='word_1_81' title='bbox 661 1610 722 1674; x_wconf 85' lang='grc' dir='ltr'><strong><em>τοῦ</em></strong></span> <span class='ocrx_word' id='word_1_82' title='bbox 741 1601 840 1695; x_wconf 86' lang='grc' dir='ltr'><strong><em>ὅρους</em></strong></span> <span class='ocrx_word' id='word_1_83' title='bbox 852 1612 910 1695; x_wconf 78' lang='grc' dir='ltr'><strong><em>τῆς</em></strong></span> <span class='ocrx_word' id='word_1_84' title='bbox 926 1603 1016 1691; x_wconf 87' lang='grc' dir='ltr'><strong><em>Ἐρε-</em></strong></span> <span class='ocrx_word' id='word_1_85' title='bbox 1053 1617 1060 1631; x_wconf 83' lang='grc'><em>“</em></span> 
     </span>
     <span class='ocr_line' id='line_1_13' title="bbox 60 1707 1016 1798; baseline -0.002 -19"><span class='ocrx_word' id='word_1_86' title='bbox 60 1716 158 1798; x_wconf 85' lang='grc' dir='ltr'><strong><em>βοίας</em></strong></span> <span class='ocrx_word' id='word_1_87' title='bbox 170 1711 385 1798; x_wconf 78' lang='grc' dir='ltr'><strong><em>ἐπιφανῆναι.</em></strong></span> <span class='ocrx_word' id='word_1_88' title='bbox 423 1714 468 1778; x_wconf 71' lang='lat' dir='ltr'><strong><em>OC</em></strong></span> <span class='ocrx_word' id='word_1_89' title='bbox 481 1709 543 1798; x_wconf 68' lang='grc' dir='ltr'><strong><em>μὲν</em></strong></span> <span class='ocrx_word' id='word_1_90' title='bbox 565 1707 607 1796; x_wconf 80' lang='grc' dir='ltr'><strong><em>δὴ</em></strong></span> <span class='ocrx_word' id='word_1_91' title='bbox 629 1713 814 1797; x_wconf 77' lang='grc' dir='ltr'><strong><em>προσῆγον·</em></strong></span> <span class='ocrx_word' id='word_1_92' title='bbox 837 1712 874 1777; x_wconf 91' lang='grc' dir='ltr'><strong><em>αί</em></strong></span> <span class='ocrx_word' id='word_1_93' title='bbox 888 1708 926 1777; x_wconf 75' lang='grc' dir='ltr'><strong><em>δὲ</em></strong></span> <span class='ocrx_word' id='word_1_94' title='bbox 940 1711 1016 1777; x_wconf 80' lang='grc' dir='ltr'><strong><em>ἐπε-</em></strong></span> 
     </span>
    </p>

    <p class='ocr_par' dir='ltr' id='par_1_7' title="bbox 12 1808 1018 1903">
     <span class='ocr_line' id='line_1_14' title="bbox 12 1808 1018 1903; baseline -0.001 -22"><span class='ocrx_word' id='word_1_95' title='bbox 12 1837 17 1844; x_wconf 89' lang='lat'><em>·</em></span> <span class='ocrx_word' id='word_1_96' title='bbox 61 1812 279 1900; x_wconf 83' lang='grc' dir='ltr'><strong><em>φάνησανκαλ</em></strong></span> <span class='ocrx_word' id='word_1_97' title='bbox 292 1812 458 1903; x_wconf 79' lang='grc' dir='ltr'><strong><em>κατῄεσαν</em></strong></span> <span class='ocrx_word' id='word_1_98' title='bbox 470 1811 601 1883; x_wconf 77' lang='grc' dir='ltr'><strong><em>ἀπὸτοῦ</em></strong></span> <span class='ocrx_word' id='word_1_99' title='bbox 609 1808 708 1900; x_wconf 90' lang='grc' dir='ltr'><strong><em>όρους</em></strong></span> <span class='ocrx_word' id='word_1_100' title='bbox 715 1811 881 1901; x_wconf 80' lang='grc' dir='ltr'><strong><em>παρθένοι</em></strong></span> <span class='ocrx_word' id='word_1_101' title='bbox 888 1814 1018 1897; x_wconf 79' lang='grc' dir='ltr'><strong><em>πολλαὶ,</em></strong></span> 
     </span>
    </p>

    <p class='ocr_par' dir='ltr' id='par_1_8' title="bbox 10 1914 1019 2417">
     <span class='ocr_line' id='line_1_15' title="bbox 10 1914 1019 2005; baseline 0 -21"><span class='ocrx_word' id='word_1_102' title='bbox 10 1929 43 1978; x_wconf 76' lang='lat'><strong><em>1⁵</em></strong></span> <span class='ocrx_word' id='word_1_103' title='bbox 61 1914 306 2005; x_wconf 79' lang='grc' dir='ltr'><strong><em>θόρσουςάντλ</em></strong></span> <span class='ocrx_word' id='word_1_104' title='bbox 327 1915 478 2005; x_wconf 76' lang='grc' dir='ltr'><strong><em>δοράτων</em></strong></span> <span class='ocrx_word' id='word_1_105' title='bbox 495 1915 682 1986; x_wconf 88' lang='grc' dir='ltr'><strong><em>πάλλουσαι</em></strong></span> <span class='ocrx_word' id='word_1_106' title='bbox 707 1916 764 1984; x_wconf 81' lang='grc' dir='ltr'><strong><em>καὶ</em></strong></span> <span class='ocrx_word' id='word_1_107' title='bbox 782 1916 960 2002; x_wconf 85' lang='grc' dir='ltr'><strong><em>στεφάνοις</em></strong></span> <span class='ocrx_word' id='word_1_108' title='bbox 978 1914 1019 1984; x_wconf 83' lang='grc' dir='ltr'><strong><em>τά</em></strong></span> 
     </span>
     <span class='ocr_line' id='line_1_16' title="bbox 61 2016 1018 2109; baseline -0.002 -20"><span class='ocrx_word' id='word_1_109' title='bbox 61 2018 223 2106; x_wconf 90' lang='grc' dir='ltr'><strong><em>πρόσωπα</em></strong></span> <span class='ocrx_word' id='word_1_110' title='bbox 244 2019 448 2104; x_wconf 79' lang='grc' dir='ltr'><strong><em>σκιάζουσαι.</em></strong></span> <span class='ocrx_word' id='word_1_111' title='bbox 491 2018 665 2109; x_wconf 87' lang='grc' dir='ltr'><strong><em>Γάλαυρος</em></strong></span> <span class='ocrx_word' id='word_1_112' title='bbox 687 2017 849 2107; x_wconf 77' lang='grc' dir='ltr'><strong><em>ἐξεπλάγη</em></strong></span> <span class='ocrx_word' id='word_1_113' title='bbox 856 2069 867 2105; x_wconf 90' lang='grc'><strong><em>,</em></strong></span> <span class='ocrx_word' id='word_1_114' title='bbox 893 2016 1018 2108; x_wconf 73' lang='grc' dir='ltr'><strong><em>ἄνδρας</em></strong></span> 
     </span>
     <span class='ocr_line' id='line_1_17' title="bbox 61 2119 1017 2213; baseline -0.003 -21"><span class='ocrx_word' id='word_1_115' title='bbox 61 2121 150 2192; x_wconf 84' lang='grc' dir='ltr'><strong><em>εἶναι</em></strong></span> <span class='ocrx_word' id='word_1_116' title='bbox 180 2119 239 2202; x_wconf 82' lang='grc' dir='ltr'><strong><em>τάς</em></strong></span> <span class='ocrx_word' id='word_1_117' title='bbox 261 2125 453 2210; x_wconf 79' lang='grc' dir='ltr'><strong><em>παρθένους</em></strong></span> <span class='ocrx_word' id='word_1_118' title='bbox 477 2120 543 2193; x_wconf 88' lang='grc' dir='ltr'><strong><em>άπδ</em></strong></span> <span class='ocrx_word' id='word_1_119' title='bbox 570 2125 701 2213; x_wconf 83' lang='grc' dir='ltr'><strong><em>μακροῦ</em></strong></span> <span class='ocrx_word' id='word_1_120' title='bbox 720 2128 880 2210; x_wconf 77' lang='grc' dir='ltr'><strong><em>νομίζων,</em></strong></span> <span class='ocrx_word' id='word_1_121' title='bbox 900 2123 957 2190; x_wconf 82' lang='grc' dir='ltr'><strong><em>καὶ</em></strong></span> <span class='ocrx_word' id='word_1_122' title='bbox 979 2120 1017 2189; x_wconf 92' lang='grc' dir='ltr'><strong><em>τό</em></strong></span> 
     </span>
     <span class='ocr_line' id='line_1_18' title="bbox 60 2222 1017 2315; baseline -0.003 -21"><span class='ocrx_word' id='word_1_123' title='bbox 60 2223 283 2313; x_wconf 82' lang='grc' dir='ltr'><strong><em>ἀνακλητικόν</em></strong></span> <span class='ocrx_word' id='word_1_124' title='bbox 302 2222 543 2315; x_wconf 76' lang='grc' dir='ltr'><strong><em>δπεσήμαινεν·</em></strong></span> <span class='ocrx_word' id='word_1_125' title='bbox 576 2223 775 2296; x_wconf 87' lang='grc' dir='ltr'><strong><em>Ταυλάντιοι</em></strong></span> <span class='ocrx_word' id='word_1_126' title='bbox 801 2223 839 2291; x_wconf 70' lang='grc' dir='ltr'><strong><em>δὲ</em></strong></span> <span class='ocrx_word' id='word_1_127' title='bbox 859 2229 1017 2310; x_wconf 78' lang='grc' dir='ltr'><strong><em>ἔφευγον,</em></strong></span> 
     </span>
     <span class='ocr_line' id='line_1_19' title="bbox 60 2324 1015 2417; baseline -0.002 -21"><span class='ocrx_word' id='word_1_128' title='bbox 60 2327 101 2397; x_wconf 89' lang='grc' dir='ltr'><strong><em>τά</em></strong></span> <span class='ocrx_word' id='word_1_129' title='bbox 124 2354 161 2397; x_wconf 91' lang='grc' dir='ltr'><strong><em>τε</em></strong></span> <span class='ocrx_word' id='word_1_130' title='bbox 180 2324 267 2398; x_wconf 87' lang='grc' dir='ltr'><strong><em>ὅπλα</em></strong></span> <span class='ocrx_word' id='word_1_131' title='bbox 285 2325 510 2417; x_wconf 77' lang='grc' dir='ltr'><strong><em>ἀποβαλόντες</em></strong></span> <span class='ocrx_word' id='word_1_132' title='bbox 529 2331 585 2398; x_wconf 81' lang='grc' dir='ltr'><strong><em>καὶ</em></strong></span> <span class='ocrx_word' id='word_1_133' title='bbox 605 2326 646 2397; x_wconf 80' lang='grc' dir='ltr'><strong><em>τὰ</em></strong></span> <span class='ocrx_word' id='word_1_134' title='bbox 672 2324 862 2414; x_wconf 82' lang='grc' dir='ltr'><strong><em>σκευοφόρα</em></strong></span> <span class='ocrx_word' id='word_1_135' title='bbox 880 2335 1015 2396; x_wconf 92' lang='grc' dir='ltr'><strong><em>καταλι-</em></strong></span> 
     </span>
    </p>

    <p class='ocr_par' dir='ltr' id='par_1_9' title="bbox 9 2425 1018 2728">
     <span class='ocr_line' id='line_1_20' title="bbox 9 2425 1018 2521; baseline 0.001 -25"><span class='ocrx_word' id='word_1_136' title='bbox 9 2449 44 2498; x_wconf 65' lang='lat'><strong><em>20</em></strong></span> <span class='ocrx_word' id='word_1_137' title='bbox 62 2427 192 2510; x_wconf 89' lang='grc' dir='ltr'><strong><em>πόυτες.</em></strong></span> <span class='ocrx_word' id='word_1_138' title='bbox 232 2427 383 2518; x_wconf 82' lang='grc' dir='ltr'><strong><em>Ἀργαίος</em></strong></span> <span class='ocrx_word' id='word_1_139' title='bbox 408 2428 527 2519; x_wconf 76' lang='grc' dir='ltr'><strong><em>ἀμαχεὶ</em></strong></span> <span class='ocrx_word' id='word_1_140' title='bbox 557 2430 722 2521; x_wconf 83' lang='grc' dir='ltr'><strong><em>κρατήσας</em></strong></span> <span class='ocrx_word' id='word_1_141' title='bbox 748 2425 840 2516; x_wconf 75' lang='grc' dir='ltr'><strong><em>ιἐρδν</em></strong></span> <span class='ocrx_word' id='word_1_142' title='bbox 867 2429 1018 2520; x_wconf 85' lang='grc' dir='ltr'><strong><em>ίδρόεται</em></strong></span> 
     </span>
     <span class='ocr_line' id='line_1_21' title="bbox 61 2527 1017 2628; baseline -0.003 -25"><span class='ocrx_word' id='word_1_143' title='bbox 61 2533 220 2628; x_wconf 85' lang='grc' dir='ltr'><strong><em>Διονάσφ</em></strong></span> <span class='ocrx_word' id='word_1_144' title='bbox 243 2534 454 2624; x_wconf 81' lang='grc' dir='ltr'><strong><em>Ψευδάνορι,</em></strong></span> <span class='ocrx_word' id='word_1_145' title='bbox 474 2533 605 2614; x_wconf 78' lang='grc' dir='ltr'><strong><em>καὶτὰς</em></strong></span> <span class='ocrx_word' id='word_1_146' title='bbox 625 2533 835 2621; x_wconf 74' lang='grc' dir='ltr'><strong><em>παρθένους,</em></strong></span> <span class='ocrx_word' id='word_1_147' title='bbox 854 2527 894 2613; x_wconf 80' lang='grc' dir='ltr'><strong><em>δίς</em></strong></span> <span class='ocrx_word' id='word_1_148' title='bbox 914 2532 1017 2602; x_wconf 87' lang='grc' dir='ltr'><strong><em>πάλαι</em></strong></span> 
     </span>
     <span class='ocr_line' id='line_1_22' title="bbox 60 2631 1016 2728; baseline -0.002 -22"><span class='ocrx_word' id='word_1_149' title='bbox 60 2636 253 2718; x_wconf 83' lang='grc' dir='ltr'><strong><em>Κλωδωνας</em></strong></span> <span class='ocrx_word' id='word_1_150' title='bbox 266 2643 403 2728; x_wconf 80' lang='grc' dir='ltr'><strong><em>ἔκλφζον</em></strong></span> <span class='ocrx_word' id='word_1_151' title='bbox 411 2641 446 2706; x_wconf 86' lang='grc' dir='ltr'><strong><em>οί</em></strong></span> <span class='ocrx_word' id='word_1_152' title='bbox 455 2635 663 2721; x_wconf 90' lang='grc' dir='ltr'><strong><em>Μακεδόνες,</em></strong></span> <span class='ocrx_word' id='word_1_153' title='bbox 677 2631 777 2713; x_wconf 79' lang='grc' dir='ltr'><strong><em>αὐτὸς</em></strong></span> <span class='ocrx_word' id='word_1_154' title='bbox 785 2635 917 2726; x_wconf 81' lang='grc' dir='ltr'><strong><em>κλῄζειν</em></strong></span> <span class='ocrx_word' id='word_1_155' title='bbox 924 2639 1016 2719; x_wconf 79' lang='grc' dir='ltr'><strong><em>ἔταξε</em></strong></span> 
     </span>
    </p>

    <p class='ocr_par' dir='ltr' id='par_1_10' title="bbox 9 2737 816 2831">
     <span class='ocr_line' id='line_1_23' title="bbox 9 2737 816 2831; baseline -0.004 -22"><span class='ocrx_word' id='word_1_156' title='bbox 9 2757 12 2769; x_wconf 85' lang='grc'><strong>’</strong></span> <span class='ocrx_word' id='word_1_157' title='bbox 61 2738 118 2811; x_wconf 82' lang='grc' dir='ltr'><strong><em>διά</em></strong></span> <span class='ocrx_word' id='word_1_158' title='bbox 128 2738 191 2831; x_wconf 77' lang='grc' dir='ltr'><strong><em>τὴν</em></strong></span> <span class='ocrx_word' id='word_1_159' title='bbox 204 2747 343 2831; x_wconf 80' lang='grc' dir='ltr'><strong><em>μίμησιν</em></strong></span> <span class='ocrx_word' id='word_1_160' title='bbox 355 2746 424 2811; x_wconf 74' lang='grc' dir='ltr'><strong><em>τοῖν</em></strong></span> <span class='ocrx_word' id='word_1_161' title='bbox 436 2737 573 2831; x_wconf 75' lang='grc' dir='ltr'><strong><em>ἀνδρῶν</em></strong></span> <span class='ocrx_word' id='word_1_162' title='bbox 585 2737 816 2828; x_wconf 83' lang='grc' dir='ltr'><strong><em>Μιμαλλόνας.</em></strong></span> 
     </span>
    </p>
   </div>
   <div class='ocr_carea' id='block_1_5' title="bbox 0 0 1164 3892">
    <p class='ocr_par' dir='ltr' id='par_1_11' title="bbox 0 0 1164 3892">
     <span class='ocr_line' id='line_1_24' title="bbox 0 0 1164 3892; baseline 0 3"><span class='ocrx_word' id='word_1_163' title='bbox 0 0 1164 3892; x_wconf 95' lang='lat' dir='ltr'><strong><em> </em></strong></span> 
     </span>
    </p>
   </div>
  </div>
 </body>
</html>
