<?xml version="1.0" encoding="UTF-8"?>
<!DOCTYPE html PUBLIC "-//W3C//DTD XHTML 1.0 Transitional//EN"
    "http://www.w3.org/TR/xhtml1/DTD/xhtml1-transitional.dtd">
<html xmlns="http://www.w3.org/1999/xhtml" xml:lang="en" lang="en">
 <head>
  <title>
</title>
<meta http-equiv="Content-Type" content="text/html;charset=utf-8" />
  <meta name='ocr-system' content='tesseract 3.04.00' />
  <meta name='ocr-capabilities' content='ocr_page ocr_carea ocr_par ocr_line ocrx_word'/>
</head>
<body>
  <div class='ocr_page' id='page_1' title='image "./polyaenistrateg00polygoog_0242.png"; bbox 0 0 2318 3892; ppageno 0'>
   <div class='ocr_carea' id='block_1_1' title="bbox 434 187 1031 251">
    <p class='ocr_par' dir='ltr' id='par_1_1' title="bbox 434 187 1031 251">
     <span class='ocr_line' id='line_1_1' title="bbox 434 187 1031 251; baseline 0.005 -4"><span class='ocrx_word' id='word_1_1' title='bbox 434 187 664 251; x_wconf 82' lang='lat' dir='ltr'><em>TETAPTON.</em></span> <span class='ocrx_word' id='word_1_2' title='bbox 972 189 1031 250; x_wconf 86' lang='lat'><strong><em>153</em></strong></span> 
     </span>
    </p>
   </div>
   <div class='ocr_carea' id='block_1_2' title="bbox 55 355 1138 3644">
    <p class='ocr_par' dir='ltr' id='par_1_2' title="bbox 55 355 1138 1685">
     <span class='ocr_line' id='line_1_2' title="bbox 71 355 1032 453; baseline -0.001 -21"><span class='ocrx_word' id='word_1_3' title='bbox 71 358 112 432; x_wconf 81' lang='grc' dir='ltr'><strong><em>τά</em></strong></span> <span class='ocrx_word' id='word_1_4' title='bbox 130 365 233 448; x_wconf 91' lang='grc' dir='ltr'><strong><em>τείχη.</em></strong></span> <span class='ocrx_word' id='word_1_5' title='bbox 281 363 335 453; x_wconf 80' lang='grc' dir='ltr'><strong><em>Τῶ</em></strong></span> <span class='ocrx_word' id='word_1_6' title='bbox 363 359 400 428; x_wconf 69' lang='grc' dir='ltr'><strong><em>δὲ</em></strong></span> <span class='ocrx_word' id='word_1_7' title='bbox 420 355 569 453; x_wconf 74' lang='grc' dir='ltr'><strong><em>Ἀμεινίᾳ</em></strong></span> <span class='ocrx_word' id='word_1_8' title='bbox 588 365 747 449; x_wconf 77' lang='grc' dir='ltr'><strong><em>κλίμακες</em></strong></span> <span class='ocrx_word' id='word_1_9' title='bbox 768 361 937 450; x_wconf 89' lang='grc' dir='ltr'><strong><em>ίσομήκεις</em></strong></span> <span class='ocrx_word' id='word_1_10' title='bbox 963 377 1032 442; x_wconf 78' lang='grc' dir='ltr'><strong><em>τοῖς</em></strong></span> 
     </span>
     <span class='ocr_line' id='line_1_3' title="bbox 70 458 1031 554; baseline -0.001 -19"><span class='ocrx_word' id='word_1_11' title='bbox 70 471 219 552; x_wconf 76' lang='grc' dir='ltr'><strong><em>τείχεσιν</em></strong></span> <span class='ocrx_word' id='word_1_12' title='bbox 240 465 455 552; x_wconf 81' lang='grc' dir='ltr'><strong><em>ἐπεποίηντο,</em></strong></span> <span class='ocrx_word' id='word_1_13' title='bbox 484 464 540 532; x_wconf 82' lang='grc' dir='ltr'><strong><em>καλ</em></strong></span> <span class='ocrx_word' id='word_1_14' title='bbox 559 458 629 534; x_wconf 78' lang='grc' dir='ltr'><strong><em>ὑπὸ</em></strong></span> <span class='ocrx_word' id='word_1_15' title='bbox 648 461 709 553; x_wconf 85' lang='grc' dir='ltr'><strong><em>τήν</em></strong></span> <span class='ocrx_word' id='word_1_16' title='bbox 728 468 939 554; x_wconf 76' lang='grc' dir='ltr'><strong><em>καλουμένην</em></strong></span> <span class='ocrx_word' id='word_1_17' title='bbox 956 473 1031 534; x_wconf 90' lang='grc' dir='ltr'><strong><em>Βῶ-</em></strong></span> 
     </span>
     <span class='ocr_line' id='line_1_4' title="bbox 71 563 1032 656; baseline -0.002 -18"><span class='ocrx_word' id='word_1_18' title='bbox 71 577 144 654; x_wconf 92' lang='grc' dir='ltr'><strong><em>λον,</em></strong></span> <span class='ocrx_word' id='word_1_19' title='bbox 163 563 353 653; x_wconf 74' lang='grc' dir='ltr'><strong><em>ἀπέχουσαν</em></strong></span> <span class='ocrx_word' id='word_1_20' title='bbox 365 563 406 634; x_wconf 89' lang='grc' dir='ltr'><strong><em>ού</em></strong></span> <span class='ocrx_word' id='word_1_21' title='bbox 419 565 533 655; x_wconf 87' lang='grc' dir='ltr'><strong><em>πρόσω</em></strong></span> <span class='ocrx_word' id='word_1_22' title='bbox 548 574 616 636; x_wconf 88' lang='grc' dir='ltr'><strong><em>τῶν</em></strong></span> <span class='ocrx_word' id='word_1_23' title='bbox 629 572 759 655; x_wconf 92' lang='grc' dir='ltr'><strong><em>τειχῶν,</em></strong></span> <span class='ocrx_word' id='word_1_24' title='bbox 777 564 1032 656; x_wconf 76' lang='grc' dir='ltr'><strong><em>ἀπεκρύπτοντο</em></strong></span> 
     </span>
     <span class='ocr_line' id='line_1_5' title="bbox 71 668 1030 759; baseline 0 -20"><span class='ocrx_word' id='word_1_25' title='bbox 71 673 272 756; x_wconf 87' lang='grc' dir='ltr'><strong><em>στρατιῶται</em></strong></span> <span class='ocrx_word' id='word_1_26' title='bbox 287 675 458 755; x_wconf 89' lang='grc' dir='ltr'><strong><em>δισχίλιοι,</em></strong></span> <span class='ocrx_word' id='word_1_27' title='bbox 479 670 535 737; x_wconf 83' lang='grc' dir='ltr'><strong><em>καὶ</em></strong></span> <span class='ocrx_word' id='word_1_28' title='bbox 551 668 632 759; x_wconf 82' lang='grc' dir='ltr'><strong><em>μετά</em></strong></span> <span class='ocrx_word' id='word_1_29' title='bbox 653 669 782 741; x_wconf 88' lang='grc' dir='ltr'><strong><em>τούτων</em></strong></span> <span class='ocrx_word' id='word_1_30' title='bbox 797 674 942 741; x_wconf 78' lang='grc' dir='ltr'><strong><em>Αίτωλολ</em></strong></span> <span class='ocrx_word' id='word_1_31' title='bbox 957 698 1030 740; x_wconf 89' lang='grc' dir='ltr'><strong><em>πει-</em></strong></span> 
     </span>
     <span class='ocr_line' id='line_1_6' title="bbox 55 763 1032 863; baseline 0.004 -23"><span class='ocrx_word' id='word_1_32' title='bbox 55 773 170 862; x_wconf 75' lang='grc' dir='ltr'><strong><em>ιραταί</em></strong></span> <span class='ocrx_word' id='word_1_33' title='bbox 198 773 297 857; x_wconf 81' lang='grc' dir='ltr'><strong><em>δέκα,</em></strong></span> <span class='ocrx_word' id='word_1_34' title='bbox 326 763 374 842; x_wconf 86' lang='grc' dir='ltr'><strong><em>ῶν</em></strong></span> <span class='ocrx_word' id='word_1_35' title='bbox 396 770 555 854; x_wconf 89' lang='grc' dir='ltr'><strong><em>Μελάτας</em></strong></span> <span class='ocrx_word' id='word_1_36' title='bbox 581 769 703 863; x_wconf 80' lang='grc' dir='ltr'><strong><em>ήγεϊτο.</em></strong></span> <span class='ocrx_word' id='word_1_37' title='bbox 746 765 849 843; x_wconf 82' lang='grc' dir='ltr'><strong><em>Οὗτοι</em></strong></span> <span class='ocrx_word' id='word_1_38' title='bbox 869 774 952 844; x_wconf 79' lang='grc' dir='ltr'><strong><em>κατὰ</em></strong></span> <span class='ocrx_word' id='word_1_39' title='bbox 972 772 1032 862; x_wconf 87' lang='grc' dir='ltr'><strong><em>τήν</em></strong></span> 
     </span>
     <span class='ocr_line' id='line_1_7' title="bbox 70 870 1032 965; baseline 0 -21"><span class='ocrx_word' id='word_1_40' title='bbox 70 874 212 965; x_wconf 71' lang='grc' dir='ltr'><strong><em>πρώτην</em></strong></span> <span class='ocrx_word' id='word_1_41' title='bbox 233 872 343 964; x_wconf 89' lang='grc' dir='ltr'><strong><em>αύγήν</em></strong></span> <span class='ocrx_word' id='word_1_42' title='bbox 368 880 427 963; x_wconf 85' lang='grc' dir='ltr'><strong><em>τής</em></strong></span> <span class='ocrx_word' id='word_1_43' title='bbox 444 870 586 962; x_wconf 85' lang='grc' dir='ltr'><strong><em>ήμίρας,</em></strong></span> <span class='ocrx_word' id='word_1_44' title='bbox 614 874 752 965; x_wconf 80' lang='grc' dir='ltr'><strong><em>ἀραιούς</em></strong></span> <span class='ocrx_word' id='word_1_45' title='bbox 778 876 856 958; x_wconf 87' lang='grc' dir='ltr'><strong><em>τούς</em></strong></span> <span class='ocrx_word' id='word_1_46' title='bbox 884 879 938 947; x_wconf 83' lang='grc' dir='ltr'><strong><em>ἐπὶ</em></strong></span> <span class='ocrx_word' id='word_1_47' title='bbox 963 882 1032 945; x_wconf 89' lang='grc' dir='ltr'><strong><em>τῶν</em></strong></span> 
     </span>
     <span class='ocr_line' id='line_1_8' title="bbox 68 969 1138 1069; baseline 0 -22"><span class='ocrx_word' id='word_1_48' title='bbox 68 983 194 1065; x_wconf 85' lang='grc' dir='ltr'><strong><em>τειχῶν</em></strong></span> <span class='ocrx_word' id='word_1_49' title='bbox 218 974 391 1067; x_wconf 78' lang='grc' dir='ltr'><strong><em>φρουρούς</em></strong></span> <span class='ocrx_word' id='word_1_50' title='bbox 417 977 564 1067; x_wconf 88' lang='grc' dir='ltr'><strong><em>ίδόντες,</em></strong></span> <span class='ocrx_word' id='word_1_51' title='bbox 592 981 817 1069; x_wconf 75' lang='grc' dir='ltr'><strong><em>προπέμπουσι</em></strong></span> <span class='ocrx_word' id='word_1_52' title='bbox 836 995 905 1062; x_wconf 76' lang='grc' dir='ltr'><strong><em>τοῖς</em></strong></span> <span class='ocrx_word' id='word_1_53' title='bbox 933 999 1032 1069; x_wconf 84' lang='grc' dir='ltr'><strong><em>μεσο·</em></strong></span> <span class='ocrx_word' id='word_1_54' title='bbox 1134 969 1138 977; x_wconf 49' lang='grc'><strong>“</strong></span> 
     </span>
     <span class='ocr_line' id='line_1_9' title="bbox 70 1080 1034 1173; baseline -0.001 -22"><span class='ocrx_word' id='word_1_55' title='bbox 70 1086 246 1170; x_wconf 78' lang='grc' dir='ltr'><strong><em>πυργίοις,</em></strong></span> <span class='ocrx_word' id='word_1_56' title='bbox 281 1082 338 1150; x_wconf 80' lang='grc' dir='ltr'><strong><em>καὶ</em></strong></span> <span class='ocrx_word' id='word_1_57' title='bbox 369 1083 595 1171; x_wconf 76' lang='grc' dir='ltr'><strong><em>προσθέμενοι</em></strong></span> <span class='ocrx_word' id='word_1_58' title='bbox 623 1080 682 1163; x_wconf 84' lang='grc' dir='ltr'><strong><em>τάς</em></strong></span> <span class='ocrx_word' id='word_1_59' title='bbox 709 1090 873 1172; x_wconf 89' lang='grc' dir='ltr'><strong><em>κλίμακας</em></strong></span> <span class='ocrx_word' id='word_1_60' title='bbox 900 1093 1034 1173; x_wconf 78' lang='grc' dir='ltr'><strong><em>αἴρουσι</em></strong></span> 
     </span>
     <span class='ocr_line' id='line_1_10' title="bbox 68 1181 1035 1276; baseline 0 -22"><span class='ocrx_word' id='word_1_61' title='bbox 68 1183 243 1272; x_wconf 76' lang='grc' dir='ltr'><strong><em>σύνθημα.</em></strong></span> <span class='ocrx_word' id='word_1_62' title='bbox 268 1181 434 1273; x_wconf 81' lang='grc' dir='ltr'><strong><em>Ἀμεινίας</em></strong></span> <span class='ocrx_word' id='word_1_63' title='bbox 448 1184 531 1273; x_wconf 82' lang='grc' dir='ltr'><strong><em>μετά</em></strong></span> <span class='ocrx_word' id='word_1_64' title='bbox 550 1191 619 1256; x_wconf 89' lang='grc' dir='ltr'><strong><em>τῶν</em></strong></span> <span class='ocrx_word' id='word_1_65' title='bbox 634 1191 807 1272; x_wconf 79' lang='grc' dir='ltr'><strong><em>δισχιλίων</em></strong></span> <span class='ocrx_word' id='word_1_66' title='bbox 821 1190 1035 1276; x_wconf 75' lang='grc' dir='ltr'><strong><em>στρατιωτῶν</em></strong></span> 
     </span>
     <span class='ocr_line' id='line_1_11' title="bbox 71 1283 1034 1378; baseline 0 -22"><span class='ocrx_word' id='word_1_67' title='bbox 71 1283 202 1374; x_wconf 79' lang='grc' dir='ltr'><strong><em>ἀναβὰς</em></strong></span> <span class='ocrx_word' id='word_1_68' title='bbox 234 1285 291 1357; x_wconf 83' lang='grc' dir='ltr'><strong><em>διὰ</em></strong></span> <span class='ocrx_word' id='word_1_69' title='bbox 321 1292 391 1355; x_wconf 88' lang='grc' dir='ltr'><strong><em>τῶν</em></strong></span> <span class='ocrx_word' id='word_1_70' title='bbox 419 1289 592 1377; x_wconf 89' lang='grc' dir='ltr'><strong><em>κλιμάκων</em></strong></span> <span class='ocrx_word' id='word_1_71' title='bbox 619 1287 780 1378; x_wconf 79' lang='grc' dir='ltr'><strong><em>ἐκράτησε</em></strong></span> <span class='ocrx_word' id='word_1_72' title='bbox 807 1297 876 1360; x_wconf 87' lang='grc' dir='ltr'><strong><em>τῶν</em></strong></span> <span class='ocrx_word' id='word_1_73' title='bbox 904 1293 1034 1376; x_wconf 88' lang='grc' dir='ltr'><strong><em>τειχῶν,</em></strong></span> 
     </span>
     <span class='ocr_line' id='line_1_12' title="bbox 71 1381 1127 1480; baseline -0.001 -20"><span class='ocrx_word' id='word_1_74' title='bbox 71 1387 160 1460; x_wconf 82' lang='grc' dir='ltr'><strong><em>ῶστε</em></strong></span> <span class='ocrx_word' id='word_1_75' title='bbox 173 1393 208 1459; x_wconf 80' lang='grc' dir='ltr'><strong><em>οἱ</em></strong></span> <span class='ocrx_word' id='word_1_76' title='bbox 219 1389 281 1479; x_wconf 71' lang='grc' dir='ltr'><strong><em>μέν</em></strong></span> <span class='ocrx_word' id='word_1_77' title='bbox 295 1382 429 1459; x_wconf 84' lang='grc' dir='ltr'><strong><em>ίνδον</em></strong></span> <span class='ocrx_word' id='word_1_78' title='bbox 408 1412 511 1480; x_wconf 91' lang='grc' dir='ltr'><strong><em>ησαν,</em></strong></span> <span class='ocrx_word' id='word_1_79' title='bbox 522 1389 711 1479; x_wconf 86' lang='grc' dir='ltr'><strong><em>Ἀντίγονος</em></strong></span> <span class='ocrx_word' id='word_1_80' title='bbox 721 1393 758 1462; x_wconf 73' lang='grc' dir='ltr'><strong><em>δὲ</em></strong></span> <span class='ocrx_word' id='word_1_81' title='bbox 771 1389 892 1462; x_wconf 80' lang='grc' dir='ltr'><strong><em>αὐτίκα</em></strong></span> <span class='ocrx_word' id='word_1_82' title='bbox 905 1397 1032 1480; x_wconf 88' lang='grc' dir='ltr'><strong><em>παρήν</em></strong></span> <span class='ocrx_word' id='word_1_83' title='bbox 1124 1381 1127 1386; x_wconf 43' lang='grc'><em>’</em></span> 
     </span>
     <span class='ocr_line' id='line_1_13' title="bbox 70 1490 1036 1585; baseline -0.003 -20"><span class='ocrx_word' id='word_1_84' title='bbox 70 1490 183 1565; x_wconf 78' lang='grc' dir='ltr'><strong><em>καί</em></strong></span> <span class='ocrx_word' id='word_1_85' title='bbox 147 1520 210 1581; x_wconf 88' lang='grc' dir='ltr'><strong><em>την</em></strong></span> <span class='ocrx_word' id='word_1_86' title='bbox 212 1492 481 1582; x_wconf 86' lang='grc' dir='ltr'><strong><em>Κασσάνδρειαν</em></strong></span> <span class='ocrx_word' id='word_1_87' title='bbox 498 1491 691 1582; x_wconf 88' lang='grc' dir='ltr'><strong><em>κατασχῶν,</em></strong></span> <span class='ocrx_word' id='word_1_88' title='bbox 708 1495 772 1585; x_wconf 86' lang='grc' dir='ltr'><strong><em>τήν</em></strong></span> <span class='ocrx_word' id='word_1_89' title='bbox 781 1492 1036 1582; x_wconf 72' lang='grc' dir='ltr'><strong><em>Ἀπολλοδώρου</em></strong></span> 
     </span>
     <span class='ocr_line' id='line_1_14' title="bbox 71 1598 467 1685; baseline -0.003 -19"><span class='ocrx_word' id='word_1_90' title='bbox 71 1602 261 1685; x_wconf 88' lang='grc' dir='ltr'><strong><em>τυραννίδα</em></strong></span> <span class='ocrx_word' id='word_1_91' title='bbox 273 1598 467 1666; x_wconf 85' lang='grc' dir='ltr'><strong><em>κατέλυσεν.</em></strong></span> 
     </span>
    </p>

    <p class='ocr_par' dir='ltr' id='par_1_3' title="bbox 55 1672 1087 3023">
     <span class='ocr_line' id='line_1_15' title="bbox 149 1672 1087 1787; baseline -0.009 -17.94"><span class='ocrx_word' id='word_1_92' title='bbox 149 1696 340 1786; x_wconf 83' lang='grc' dir='ltr'><strong><em>Ἀντίγονος</em></strong></span> <span class='ocrx_word' id='word_1_93' title='bbox 357 1672 533 1780; x_wconf 76' lang='grc' dir='ltr'><strong><em>ἐλάττονας</em></strong></span> <span class='ocrx_word' id='word_1_94' title='bbox 544 1705 630 1786; x_wconf 84' lang='grc' dir='ltr'><strong><em>έχων</em></strong></span> <span class='ocrx_word' id='word_1_95' title='bbox 640 1697 842 1787; x_wconf 74' lang='grc' dir='ltr'><strong><em>στρατιώτας</em></strong></span> <span class='ocrx_word' id='word_1_96' title='bbox 855 1696 1034 1785; x_wconf 84' lang='grc' dir='ltr'><strong><em>ἀντεστρα·</em></strong></span> <span class='ocrx_word' id='word_1_97' title='bbox 1054 1707 1087 1762; x_wconf 85' lang='grc'><strong><em>19</em></strong></span> 
     </span>
     <span class='ocr_line' id='line_1_16' title="bbox 55 1799 1037 1891; baseline -0.004 -18"><span class='ocrx_word' id='word_1_98' title='bbox 55 1849 59 1873; x_wconf 68' lang='grc' dir='ltr'><strong><em>ι</em></strong></span> <span class='ocrx_word' id='word_1_99' title='bbox 75 1801 354 1882; x_wconf 82' lang='grc' dir='ltr'><strong><em>τοπεδεάετοτολς</em></strong></span> <span class='ocrx_word' id='word_1_100' title='bbox 368 1799 591 1891; x_wconf 84' lang='grc' dir='ltr'><strong><em>περίΕύμίνη</em></strong></span> <span class='ocrx_word' id='word_1_101' title='bbox 599 1808 780 1890; x_wconf 91' lang='grc' dir='ltr'><strong><em>πολεμίοις.</em></strong></span> <span class='ocrx_word' id='word_1_102' title='bbox 796 1799 1037 1889; x_wconf 81' lang='grc' dir='ltr'><strong><em>Ἐπικηρυκεν·</em></strong></span> 
     </span>
     <span class='ocr_line' id='line_1_17' title="bbox 74 1899 1036 1994; baseline -0.002 -20"><span class='ocrx_word' id='word_1_103' title='bbox 74 1907 209 1994; x_wconf 80' lang='grc' dir='ltr'><strong><em>ομέυων</em></strong></span> <span class='ocrx_word' id='word_1_104' title='bbox 229 1906 267 1975; x_wconf 70' lang='grc' dir='ltr'><strong><em>δὲ</em></strong></span> <span class='ocrx_word' id='word_1_105' title='bbox 294 1911 460 1993; x_wconf 88' lang='grc' dir='ltr'><strong><em>συνεχῶς,</em></strong></span> <span class='ocrx_word' id='word_1_106' title='bbox 482 1907 699 1994; x_wconf 79' lang='grc' dir='ltr'><strong><em>προσέταξεν,</em></strong></span> <span class='ocrx_word' id='word_1_107' title='bbox 731 1903 870 1974; x_wconf 79' lang='grc' dir='ltr'><strong><em>ἐπειδάν</em></strong></span> <span class='ocrx_word' id='word_1_108' title='bbox 889 1899 907 1975; x_wconf 91' lang='grc' dir='ltr'><strong>ὁ</strong></span> <span class='ocrx_word' id='word_1_109' title='bbox 931 1901 1036 1992; x_wconf 86' lang='grc' dir='ltr'><strong><em>κήρυξ</em></strong></span> 
     </span>
     <span class='ocr_line' id='line_1_18' title="bbox 74 2005 1036 2098; baseline -0.002 -21"><span class='ocrx_word' id='word_1_110' title='bbox 74 2005 255 2096; x_wconf 81' lang='grc' dir='ltr'><strong><em>ἀφίκηται,</em></strong></span> <span class='ocrx_word' id='word_1_111' title='bbox 275 2009 482 2098; x_wconf 77' lang='grc' dir='ltr'><strong><em>στρατιώτην</em></strong></span> <span class='ocrx_word' id='word_1_112' title='bbox 504 2013 685 2097; x_wconf 73' lang='grc' dir='ltr'><strong><em>ἐσδραμεῖν</em></strong></span> <span class='ocrx_word' id='word_1_113' title='bbox 706 2013 955 2091; x_wconf 89' lang='grc' dir='ltr'><strong><em>πνευστιῶντα,</em></strong></span> <span class='ocrx_word' id='word_1_114' title='bbox 979 2033 1036 2075; x_wconf 86' lang='grc' dir='ltr'><strong><em>κε-</em></strong></span> 
     </span>
     <span class='ocr_line' id='line_1_19' title="bbox 75 2105 1036 2201; baseline -0.001 -20"><span class='ocrx_word' id='word_1_115' title='bbox 75 2113 271 2200; x_wconf 74' lang='grc' dir='ltr'><strong><em>κονιμένον,</em></strong></span> <span class='ocrx_word' id='word_1_116' title='bbox 306 2107 529 2200; x_wconf 87' lang='grc' dir='ltr'><strong><em>ἀγγέλλοντα,</em></strong></span> <span class='ocrx_word' id='word_1_117' title='bbox 561 2108 631 2182; x_wconf 79' lang='grc' dir='ltr'><strong><em>“οί</em></strong></span> <span class='ocrx_word' id='word_1_118' title='bbox 654 2112 821 2201; x_wconf 88' lang='grc' dir='ltr'><strong><em>σύμμαχοι</em></strong></span> <span class='ocrx_word' id='word_1_119' title='bbox 847 2105 1036 2200; x_wconf 85' lang='grc' dir='ltr'><strong><em>πάρεισιν.”</em></strong></span> 
     </span>
     <span class='ocr_line' id='line_1_20' title="bbox 72 2209 1040 2305; baseline 0 -23"><span class='ocrx_word' id='word_1_120' title='bbox 72 2211 265 2301; x_wconf 82' lang='grc' dir='ltr'><strong><em>Ἀντίγονος</em></strong></span> <span class='ocrx_word' id='word_1_121' title='bbox 289 2214 352 2303; x_wconf 72' lang='grc' dir='ltr'><strong><em>μέν</em></strong></span> <span class='ocrx_word' id='word_1_122' title='bbox 369 2213 515 2297; x_wconf 89' lang='grc' dir='ltr'><strong><em>ἀκούσας</em></strong></span> <span class='ocrx_word' id='word_1_123' title='bbox 529 2213 711 2305; x_wconf 85' lang='grc' dir='ltr'><strong><em>περιχαρὴς</em></strong></span> <span class='ocrx_word' id='word_1_124' title='bbox 730 2212 936 2302; x_wconf 87' lang='grc' dir='ltr'><strong><em>ἀνεπήδησε·</em></strong></span> <span class='ocrx_word' id='word_1_125' title='bbox 961 2209 1040 2293; x_wconf 77' lang='grc' dir='ltr'><strong><em>τούς</em></strong></span> 
     </span>
     <span class='ocr_line' id='line_1_21' title="bbox 55 2313 1040 2407; baseline -0.002 -21"><span class='ocrx_word' id='word_1_126' title='bbox 55 2351 62 2392; x_wconf 78' lang='grc' dir='ltr'><strong><em>ι</em></strong></span> <span class='ocrx_word' id='word_1_127' title='bbox 77 2317 226 2407; x_wconf 91' lang='grc' dir='ltr'><strong><em>κήρυκας</em></strong></span> <span class='ocrx_word' id='word_1_128' title='bbox 240 2314 541 2407; x_wconf 77' lang='grc' dir='ltr'><strong><em>ἀποπεμψάμενος,</em></strong></span> <span class='ocrx_word' id='word_1_129' title='bbox 555 2320 611 2387; x_wconf 84' lang='grc' dir='ltr'><strong><em>καὶ</em></strong></span> <span class='ocrx_word' id='word_1_130' title='bbox 625 2323 683 2405; x_wconf 85' lang='grc' dir='ltr'><strong><em>τής</em></strong></span> <span class='ocrx_word' id='word_1_131' title='bbox 698 2314 874 2405; x_wconf 80' lang='grc' dir='ltr'><strong><em>ὑστεραίας</em></strong></span> <span class='ocrx_word' id='word_1_132' title='bbox 890 2313 1040 2404; x_wconf 85' lang='grc' dir='ltr'><strong><em>τὸμήκος</em></strong></span> 
     </span>
     <span class='ocr_line' id='line_1_22' title="bbox 77 2415 1037 2508; baseline -0.001 -20"><span class='ocrx_word' id='word_1_133' title='bbox 77 2425 137 2508; x_wconf 84' lang='grc' dir='ltr'><strong><em>τῆς</em></strong></span> <span class='ocrx_word' id='word_1_134' title='bbox 158 2419 331 2508; x_wconf 82' lang='grc' dir='ltr'><strong><em>φάλαγγος</em></strong></span> <span class='ocrx_word' id='word_1_135' title='bbox 354 2423 532 2492; x_wconf 85' lang='grc' dir='ltr'><strong><em>διπλάσιον</em></strong></span> <span class='ocrx_word' id='word_1_136' title='bbox 553 2425 704 2501; x_wconf 89' lang='grc' dir='ltr'><strong><em>έκτείνας</em></strong></span> <span class='ocrx_word' id='word_1_137' title='bbox 723 2425 785 2490; x_wconf 79' lang='grc' dir='ltr'><strong><em>τοῦ</em></strong></span> <span class='ocrx_word' id='word_1_138' title='bbox 803 2415 945 2507; x_wconf 90' lang='grc' dir='ltr'><strong><em>χάρακος</em></strong></span> <span class='ocrx_word' id='word_1_139' title='bbox 964 2423 1020 2507; x_wconf 81' lang='grc' dir='ltr'><strong><em>έξη</em></strong></span> <span class='ocrx_word' id='word_1_140' title='bbox 1012 2418 1037 2470; x_wconf 83' lang='lat'><strong><em>&#39;-</em></strong></span> 
     </span>
     <span class='ocr_line' id='line_1_23' title="bbox 77 2518 1039 2613; baseline -0.001 -21"><span class='ocrx_word' id='word_1_141' title='bbox 77 2531 266 2610; x_wconf 90' lang='grc' dir='ltr'><strong><em>γαγεν.0</em></strong></span> <span class='ocrx_word' id='word_1_142' title='bbox 237 2527 282 2592; x_wconf 72' lang='lat' dir='ltr'><strong><em>Ol</em></strong></span> <span class='ocrx_word' id='word_1_143' title='bbox 300 2523 528 2613; x_wconf 72' lang='grc' dir='ltr'><strong><em>δὲπολέμιοι,</em></strong></span> <span class='ocrx_word' id='word_1_144' title='bbox 554 2550 644 2613; x_wconf 89' lang='grc' dir='ltr'><strong><em>παρα</em></strong></span> <span class='ocrx_word' id='word_1_145' title='bbox 665 2528 734 2593; x_wconf 89' lang='grc' dir='ltr'><strong><em>τῶν</em></strong></span> <span class='ocrx_word' id='word_1_146' title='bbox 753 2521 915 2612; x_wconf 83' lang='grc' dir='ltr'><strong><em>κηρύκων</em></strong></span> <span class='ocrx_word' id='word_1_147' title='bbox 937 2518 1039 2591; x_wconf 90' lang='grc' dir='ltr'><strong><em>ἀκοά-</em></strong></span> 
     </span>
     <span class='ocr_line' id='line_1_24' title="bbox 77 2622 1039 2732; baseline -0.003 -37"><span class='ocrx_word' id='word_1_148' title='bbox 77 2649 199 2706; x_wconf 85' lang='grc' dir='ltr'><strong><em>σαντες</em></strong></span> <span class='ocrx_word' id='word_1_149' title='bbox 212 2623 275 2732; x_wconf 84' lang='grc' dir='ltr'><strong><em>τήν</em></strong></span> <span class='ocrx_word' id='word_1_150' title='bbox 287 2634 477 2715; x_wconf 83' lang='grc' dir='ltr'><strong><em>παρουσίαν</em></strong></span> <span class='ocrx_word' id='word_1_151' title='bbox 488 2633 558 2698; x_wconf 91' lang='grc' dir='ltr'><strong><em>τῶν</em></strong></span> <span class='ocrx_word' id='word_1_152' title='bbox 570 2625 771 2715; x_wconf 87' lang='grc' dir='ltr'><strong><em>συμμάχων,</em></strong></span> <span class='ocrx_word' id='word_1_153' title='bbox 793 2622 856 2714; x_wconf 86' lang='grc' dir='ltr'><strong><em>τήν</em></strong></span> <span class='ocrx_word' id='word_1_154' title='bbox 868 2624 931 2713; x_wconf 69' lang='grc' dir='ltr'><strong><em>μὲν</em></strong></span> <span class='ocrx_word' id='word_1_155' title='bbox 945 2629 1039 2694; x_wconf 83' lang='grc' dir='ltr'><strong><em>ἔκτα-</em></strong></span> 
     </span>
     <span class='ocr_line' id='line_1_25' title="bbox 77 2724 1041 2855; baseline -0.001 -58"><span class='ocrx_word' id='word_1_156' title='bbox 77 2749 135 2799; x_wconf 87' lang='grc' dir='ltr'><strong><em>σιν</em></strong></span> <span class='ocrx_word' id='word_1_157' title='bbox 159 2733 220 2798; x_wconf 81' lang='grc' dir='ltr'><strong><em>τού</em></strong></span> <span class='ocrx_word' id='word_1_158' title='bbox 242 2728 369 2855; x_wconf 85' lang='grc' dir='ltr'><strong><em>μήκους</em></strong></span> <span class='ocrx_word' id='word_1_159' title='bbox 388 2737 445 2819; x_wconf 88' lang='grc' dir='ltr'><strong><em>τής</em></strong></span> <span class='ocrx_word' id='word_1_160' title='bbox 459 2729 631 2819; x_wconf 80' lang='grc' dir='ltr'><strong><em>φάλαγγος</em></strong></span> <span class='ocrx_word' id='word_1_161' title='bbox 645 2724 803 2819; x_wconf 87' lang='grc' dir='ltr'><strong><em>ὁρῶντες,</em></strong></span> <span class='ocrx_word' id='word_1_162' title='bbox 825 2755 863 2797; x_wconf 92' lang='grc' dir='ltr'><strong><em>το</em></strong></span> <span class='ocrx_word' id='word_1_163' title='bbox 882 2727 920 2797; x_wconf 92' lang='grc' dir='ltr'><strong><em>δ</em></strong></span> <span class='ocrx_word' id='word_1_164' title='bbox 934 2727 1041 2816; x_wconf 78' lang='grc' dir='ltr'><strong><em>βάθος</em></strong></span> 
     </span>
     <span class='ocr_line' id='line_1_26' title="bbox 55 2828 1039 2958; baseline -0.003 -56"><span class='ocrx_word' id='word_1_165' title='bbox 55 2855 63 2895; x_wconf 75' lang='lat'><strong>⁵</strong></span> <span class='ocrx_word' id='word_1_166' title='bbox 79 2828 377 2958; x_wconf 76' lang='grc' dir='ltr'><strong><em>εὐκαταφρόνητον</em></strong></span> <span class='ocrx_word' id='word_1_167' title='bbox 401 2839 550 2922; x_wconf 78' lang='grc' dir='ltr'><strong><em>ἔχοντος,</em></strong></span> <span class='ocrx_word' id='word_1_168' title='bbox 576 2831 685 2922; x_wconf 91' lang='grc' dir='ltr'><strong><em>μάχην</em></strong></span> <span class='ocrx_word' id='word_1_169' title='bbox 701 2832 851 2917; x_wconf 79' lang='grc' dir='ltr'><strong><em>συνάψαι</em></strong></span> <span class='ocrx_word' id='word_1_170' title='bbox 866 2831 1039 2920; x_wconf 75' lang='grc' dir='ltr'><strong><em>φοβηθέν-</em></strong></span> 
     </span>
     <span class='ocr_line' id='line_1_27' title="bbox 78 2932 466 3028; baseline 0.003 -24"><span class='ocrx_word' id='word_1_171' title='bbox 78 2962 133 3017; x_wconf 85' lang='grc' dir='ltr'><strong><em>τες</em></strong></span> <span class='ocrx_word' id='word_1_172' title='bbox 147 2934 317 3023; x_wconf 85' lang='grc' dir='ltr'><strong><em>φυγόντες</em></strong></span> <span class='ocrx_word' id='word_1_173' title='bbox 331 2932 466 3028; x_wconf 86' lang='grc' dir='ltr'><strong><em>ῶχοντο</em></strong></span> 
     </span>
    </p>

    <p class='ocr_par' dir='ltr' id='par_1_4' title="bbox 55 3034 1092 3644">
     <span class='ocr_line' id='line_1_28' title="bbox 152 3034 1092 3126; baseline -0.006 -19.983"><span class='ocrx_word' id='word_1_174' title='bbox 152 3034 358 3124; x_wconf 77' lang='grc' dir='ltr'><strong><em>Ἀντίγονος,</em></strong></span> <span class='ocrx_word' id='word_1_175' title='bbox 398 3037 457 3120; x_wconf 80' lang='grc' dir='ltr'><strong><em>τὰς</em></strong></span> <span class='ocrx_word' id='word_1_176' title='bbox 486 3035 633 3126; x_wconf 77' lang='grc' dir='ltr'><strong><em>Ἀθήνας</em></strong></span> <span class='ocrx_word' id='word_1_177' title='bbox 669 3034 874 3125; x_wconf 86' lang='grc' dir='ltr'><strong><em>βουλόμενος</em></strong></span> <span class='ocrx_word' id='word_1_178' title='bbox 910 3040 1092 3120; x_wconf 73' lang='grc' dir='ltr'><strong><em>λαβείν,λο</em></strong></span> 
     </span>
     <span class='ocr_line' id='line_1_29' title="bbox 77 3134 1041 3234; baseline -0.006 -24"><span class='ocrx_word' id='word_1_179' title='bbox 77 3140 220 3230; x_wconf 77' lang='grc' dir='ltr'><strong><em>εἰρήνην</em></strong></span> <span class='ocrx_word' id='word_1_180' title='bbox 234 3143 407 3211; x_wconf 80' lang='grc' dir='ltr'><strong><em>ἐσπείσατο</em></strong></span> <span class='ocrx_word' id='word_1_181' title='bbox 419 3147 467 3234; x_wconf 77' lang='grc' dir='ltr'><strong><em>τῷ</em></strong></span> <span class='ocrx_word' id='word_1_182' title='bbox 486 3168 547 3209; x_wconf 91' lang='grc' dir='ltr'><strong><em>του</em></strong></span> <span class='ocrx_word' id='word_1_183' title='bbox 533 3137 786 3228; x_wconf 76' lang='grc' dir='ltr'><strong><em>φθινοπώρου</em></strong></span> <span class='ocrx_word' id='word_1_184' title='bbox 799 3141 914 3229; x_wconf 78' lang='grc' dir='ltr'><strong><em>καιρῷ.</em></strong></span> <span class='ocrx_word' id='word_1_185' title='bbox 938 3134 1041 3224; x_wconf 79' lang='grc' dir='ltr'><strong><em>Ἀθη-</em></strong></span> 
     </span>
     <span class='ocr_line' id='line_1_30' title="bbox 76 3238 1043 3332; baseline -0.008 -18"><span class='ocrx_word' id='word_1_186' title='bbox 76 3258 170 3314; x_wconf 79' lang='grc' dir='ltr'><strong><em>υαίοι</em></strong></span> <span class='ocrx_word' id='word_1_187' title='bbox 199 3241 261 3312; x_wconf 84' lang='grc' dir='ltr'><strong><em>τὸν</em></strong></span> <span class='ocrx_word' id='word_1_188' title='bbox 285 3258 380 3313; x_wconf 79' lang='grc' dir='ltr'><strong><em>σῖτον</em></strong></span> <span class='ocrx_word' id='word_1_189' title='bbox 405 3251 703 3332; x_wconf 89' lang='grc' dir='ltr'><strong><em>κατασπείραντες,</em></strong></span> <span class='ocrx_word' id='word_1_190' title='bbox 730 3238 846 3328; x_wconf 83' lang='grc' dir='ltr'><strong><em>ὀλίγον</em></strong></span> <span class='ocrx_word' id='word_1_191' title='bbox 872 3238 1043 3328; x_wconf 78' lang='grc' dir='ltr'><strong><em>ἐφύλαξαν</em></strong></span> 
     </span>
     <span class='ocr_line' id='line_1_31' title="bbox 55 3339 1043 3436; baseline -0.008 -19"><span class='ocrx_word' id='word_1_192' title='bbox 55 3344 141 3417; x_wconf 80' lang='grc' dir='ltr'><strong><em>ιτδν</em></strong></span> <span class='ocrx_word' id='word_1_193' title='bbox 154 3342 385 3435; x_wconf 88' lang='grc' dir='ltr'><strong><em>ἀποχρήσοντα</em></strong></span> <span class='ocrx_word' id='word_1_194' title='bbox 402 3348 498 3436; x_wconf 82' lang='grc' dir='ltr'><strong><em>μέχρι</em></strong></span> <span class='ocrx_word' id='word_1_195' title='bbox 510 3350 568 3435; x_wconf 82' lang='grc' dir='ltr'><strong><em>τῆς</em></strong></span> <span class='ocrx_word' id='word_1_196' title='bbox 580 3350 650 3416; x_wconf 88' lang='grc' dir='ltr'><strong><em>τῶν</em></strong></span> <span class='ocrx_word' id='word_1_197' title='bbox 661 3349 803 3433; x_wconf 89' lang='grc' dir='ltr'><strong><em>καρπῶν</em></strong></span> <span class='ocrx_word' id='word_1_198' title='bbox 815 3340 930 3432; x_wconf 79' lang='grc' dir='ltr'><strong><em>ἀκμῆς.</em></strong></span> <span class='ocrx_word' id='word_1_199' title='bbox 952 3339 1043 3410; x_wconf 80' lang='grc' dir='ltr'><strong><em>Ἐπεὶ</em></strong></span> 
     </span>
     <span class='ocr_line' id='line_1_32' title="bbox 76 3443 1041 3541; baseline -0.008 -20"><span class='ocrx_word' id='word_1_200' title='bbox 76 3450 116 3521; x_wconf 72' lang='grc' dir='ltr'><strong><em>δὲ</em></strong></span> <span class='ocrx_word' id='word_1_201' title='bbox 130 3447 278 3541; x_wconf 77' lang='grc' dir='ltr'><strong><em>ἤκμαζον</em></strong></span> <span class='ocrx_word' id='word_1_202' title='bbox 291 3454 326 3519; x_wconf 81' lang='lat' dir='ltr'><strong><em>oc</em></strong></span> <span class='ocrx_word' id='word_1_203' title='bbox 338 3451 476 3538; x_wconf 78' lang='grc' dir='ltr'><strong><em>καρποὶ,</em></strong></span> <span class='ocrx_word' id='word_1_204' title='bbox 493 3447 681 3536; x_wconf 84' lang='grc' dir='ltr'><strong><em>Ἀντίγονος</em></strong></span> <span class='ocrx_word' id='word_1_205' title='bbox 702 3445 785 3536; x_wconf 81' lang='grc' dir='ltr'><strong><em>μετά</em></strong></span> <span class='ocrx_word' id='word_1_206' title='bbox 807 3452 867 3516; x_wconf 85' lang='grc' dir='ltr'><strong><em>τοῦ</em></strong></span> <span class='ocrx_word' id='word_1_207' title='bbox 880 3443 1041 3534; x_wconf 85' lang='grc' dir='ltr'><strong><em>στρατεύ-</em></strong></span> 
     </span>
     <span class='ocr_line' id='line_1_33' title="bbox 77 3549 1040 3644; baseline -0.009 -19"><span class='ocrx_word' id='word_1_208' title='bbox 77 3578 184 3644; x_wconf 84' lang='grc' dir='ltr'><strong><em>ματος</em></strong></span> <span class='ocrx_word' id='word_1_209' title='bbox 202 3553 238 3634; x_wconf 85' lang='grc' dir='ltr'><strong><em>ίς</em></strong></span> <span class='ocrx_word' id='word_1_210' title='bbox 258 3549 323 3642; x_wconf 80' lang='grc' dir='ltr'><strong><em>τήν</em></strong></span> <span class='ocrx_word' id='word_1_211' title='bbox 335 3549 489 3643; x_wconf 83' lang='grc' dir='ltr'><strong><em>Ἀττικήν</em></strong></span> <span class='ocrx_word' id='word_1_212' title='bbox 508 3553 680 3640; x_wconf 71' lang='grc' dir='ltr'><strong><em>ἐνέβαλεν.</em></strong></span> <span class='ocrx_word' id='word_1_213' title='bbox 717 3553 762 3620; x_wconf 75' lang='lat' dir='ltr'><strong><em>ol</em></strong></span> <span class='ocrx_word' id='word_1_214' title='bbox 779 3549 836 3640; x_wconf 78' lang='grc' dir='ltr'><strong><em>δδ,</em></strong></span> <span class='ocrx_word' id='word_1_215' title='bbox 862 3553 924 3619; x_wconf 85' lang='grc' dir='ltr'><strong><em>τοῦ</em></strong></span> <span class='ocrx_word' id='word_1_216' title='bbox 944 3553 1040 3618; x_wconf 87' lang='grc' dir='ltr'><strong><em>σίτου</em></strong></span> 
     </span>
    </p>
   </div>
   <div class='ocr_carea' id='block_1_3' title="bbox 0 0 1169 3892">
    <p class='ocr_par' dir='ltr' id='par_1_5' title="bbox 0 0 1169 3892">
     <span class='ocr_line' id='line_1_34' title="bbox 0 0 1169 3892; baseline 0 0"><span class='ocrx_word' id='word_1_217' title='bbox 0 0 1169 3892; x_wconf 95' lang='lat' dir='ltr'><strong><em> </em></strong></span> 
     </span>
    </p>
   </div>
  </div>
 </body>
</html>
