<?xml version="1.0" encoding="UTF-8"?>
<!DOCTYPE html PUBLIC "-//W3C//DTD XHTML 1.0 Transitional//EN"
    "http://www.w3.org/TR/xhtml1/DTD/xhtml1-transitional.dtd">
<html xmlns="http://www.w3.org/1999/xhtml" xml:lang="en" lang="en">
 <head>
  <title>
</title>
<meta http-equiv="Content-Type" content="text/html;charset=utf-8" />
  <meta name='ocr-system' content='tesseract 3.04.00' />
  <meta name='ocr-capabilities' content='ocr_page ocr_carea ocr_par ocr_line ocrx_word'/>
</head>
<body>
  <div class='ocr_page' id='page_1' title='image "./polyaenistrateg00polygoog_0100.png"; bbox 0 0 2318 3892; ppageno 0'>
   <div class='ocr_carea' id='block_1_1' title="bbox 402 221 969 284">
    <p class='ocr_par' dir='ltr' id='par_1_1' title="bbox 402 221 969 284">
     <span class='ocr_line' id='line_1_1' title="bbox 402 221 969 284; baseline 0.005 -4"><span class='ocrx_word' id='word_1_1' title='bbox 402 221 587 282; x_wconf 71' lang='grc' dir='ltr'><strong><em>ΠΡΩΤΟΝ.</em></strong></span> <span class='ocrx_word' id='word_1_2' title='bbox 933 226 969 284; x_wconf 88' lang='grc'><strong><em>11</em></strong></span> 
     </span>
    </p>
   </div>
   <div class='ocr_carea' id='block_1_2' title="bbox 47 390 972 997">
    <p class='ocr_par' dir='ltr' id='par_1_2' title="bbox 47 390 972 893">
     <span class='ocr_line' id='line_1_2' title="bbox 47 390 970 485; baseline 0.004 -24"><span class='ocrx_word' id='word_1_3' title='bbox 47 398 198 462; x_wconf 81' lang='grc' dir='ltr'><strong><em>ιακαῦσαι</em></strong></span> <span class='ocrx_word' id='word_1_4' title='bbox 215 393 382 480; x_wconf 84' lang='grc' dir='ltr'><strong><em>μέγιστον.</em></strong></span> <span class='ocrx_word' id='word_1_5' title='bbox 420 397 465 461; x_wconf 86' lang='grc' dir='ltr'><strong><em>Οί</em></strong></span> <span class='ocrx_word' id='word_1_6' title='bbox 479 395 629 481; x_wconf 84' lang='grc' dir='ltr'><strong><em>πολέμιοι</em></strong></span> <span class='ocrx_word' id='word_1_7' title='bbox 653 390 735 480; x_wconf 83' lang='grc' dir='ltr'><strong><em>πρὸς</em></strong></span> <span class='ocrx_word' id='word_1_8' title='bbox 747 393 809 485; x_wconf 86' lang='grc' dir='ltr'><strong><em>τήν</em></strong></span> <span class='ocrx_word' id='word_1_9' title='bbox 827 401 889 464; x_wconf 77' lang='grc' dir='ltr'><strong><em>τοῦ</em></strong></span> <span class='ocrx_word' id='word_1_10' title='bbox 905 422 970 465; x_wconf 85' lang='grc' dir='ltr'><strong><em>πυ·</em></strong></span> 
     </span>
     <span class='ocr_line' id='line_1_3' title="bbox 47 492 972 581; baseline 0.008 -20"><span class='ocrx_word' id='word_1_11' title='bbox 47 500 71 576; x_wconf 70' lang='grc' dir='ltr'><strong><em>λς</em></strong></span> <span class='ocrx_word' id='word_1_12' title='bbox 91 492 173 579; x_wconf 77' lang='grc' dir='ltr'><strong><em>όψιυ</em></strong></span> <span class='ocrx_word' id='word_1_13' title='bbox 197 499 419 581; x_wconf 79' lang='grc' dir='ltr'><strong><em>ἐκπλαγέντες</em></strong></span> <span class='ocrx_word' id='word_1_14' title='bbox 444 497 478 576; x_wconf 85' lang='grc' dir='ltr'><strong><em>ἐς</em></strong></span> <span class='ocrx_word' id='word_1_15' title='bbox 499 502 597 566; x_wconf 85' lang='grc' dir='ltr'><strong><em>τοῦτο</em></strong></span> <span class='ocrx_word' id='word_1_16' title='bbox 618 492 852 567; x_wconf 88' lang='grc' dir='ltr'><strong><em>άπεσκόπουυ·</em></strong></span> <span class='ocrx_word' id='word_1_17' title='bbox 880 503 916 569; x_wconf 86' lang='grc' dir='ltr'><strong><em>οί</em></strong></span> <span class='ocrx_word' id='word_1_18' title='bbox 934 500 972 568; x_wconf 73' lang='grc' dir='ltr'><strong><em>δὲ</em></strong></span> 
     </span>
     <span class='ocr_line' id='line_1_4' title="bbox 47 595 970 687; baseline 0.002 -19"><span class='ocrx_word' id='word_1_19' title='bbox 47 597 94 668; x_wconf 81' lang='grc' dir='ltr'><strong><em>ιτά</em></strong></span> <span class='ocrx_word' id='word_1_20' title='bbox 109 602 261 687; x_wconf 82' lang='grc' dir='ltr'><strong><em>κορυφῆς</em></strong></span> <span class='ocrx_word' id='word_1_21' title='bbox 280 599 479 685; x_wconf 77' lang='grc' dir='ltr'><strong><em>ἐμπεσόντες</em></strong></span> <span class='ocrx_word' id='word_1_22' title='bbox 492 598 571 680; x_wconf 81' lang='grc' dir='ltr'><strong><em>τούς</em></strong></span> <span class='ocrx_word' id='word_1_23' title='bbox 584 606 761 680; x_wconf 76' lang='grc' dir='ltr'><strong><em>πλείστους</em></strong></span> <span class='ocrx_word' id='word_1_24' title='bbox 775 595 888 671; x_wconf 78' lang='grc' dir='ltr'><strong><em>αὐτῶν</em></strong></span> <span class='ocrx_word' id='word_1_25' title='bbox 902 604 970 670; x_wconf 80' lang='grc' dir='ltr'><strong><em>διέ-</em></strong></span> 
     </span>
     <span class='ocr_line' id='line_1_5' title="bbox 47 699 971 792; baseline 0.001 -20"><span class='ocrx_word' id='word_1_26' title='bbox 47 714 173 791; x_wconf 69' lang='grc' dir='ltr'><strong><em>δειραν,</em></strong></span> <span class='ocrx_word' id='word_1_27' title='bbox 186 699 330 781; x_wconf 76' lang='grc' dir='ltr'><strong><em>πολλοὺς</em></strong></span> <span class='ocrx_word' id='word_1_28' title='bbox 345 702 382 771; x_wconf 75' lang='grc' dir='ltr'><strong><em>δέ</em></strong></span> <span class='ocrx_word' id='word_1_29' title='bbox 395 700 623 792; x_wconf 75' lang='grc' dir='ltr'><strong><em>ζωγρήσαντες</em></strong></span> <span class='ocrx_word' id='word_1_30' title='bbox 637 708 772 791; x_wconf 82' lang='grc' dir='ltr'><strong><em>ἔδησαν.</em></strong></span> <span class='ocrx_word' id='word_1_31' title='bbox 787 705 854 773; x_wconf 80' lang='grc' dir='ltr'><strong><em>Καὶ</em></strong></span> <span class='ocrx_word' id='word_1_32' title='bbox 866 703 903 773; x_wconf 86' lang='grc' dir='ltr'><strong><em>τό</em></strong></span> <span class='ocrx_word' id='word_1_33' title='bbox 918 703 971 772; x_wconf 87' lang='grc' dir='ltr'><strong><em>λό-</em></strong></span> 
     </span>
     <span class='ocr_line' id='line_1_6' title="bbox 47 803 298 893; baseline -0.012 -17"><span class='ocrx_word' id='word_1_34' title='bbox 47 834 88 876; x_wconf 93' lang='grc' dir='ltr'><strong><em>ον</em></strong></span> <span class='ocrx_word' id='word_1_35' title='bbox 106 803 298 893; x_wconf 79' lang='grc' dir='ltr'><strong><em>ἐτελεύτησε</em></strong></span> 
     </span>
    </p>

    <p class='ocr_par' dir='ltr' id='par_1_3' title="bbox 64 904 854 997">
     <span class='ocr_line' id='line_1_7' title="bbox 64 904 854 997; baseline 0 -21"><span class='ocrx_word' id='word_1_36' title='bbox 64 907 175 976; x_wconf 81' lang='grc' dir='ltr'><strong><em>Δώσω</em></strong></span> <span class='ocrx_word' id='word_1_37' title='bbox 189 934 238 976; x_wconf 91' lang='grc' dir='ltr'><strong><em>τοι</em></strong></span> <span class='ocrx_word' id='word_1_38' title='bbox 259 909 384 995; x_wconf 90' lang='grc' dir='ltr'><strong><em>Τεγέην</em></strong></span> <span class='ocrx_word' id='word_1_39' title='bbox 398 913 620 995; x_wconf 80' lang='grc' dir='ltr'><strong><em>ποσσίκροτον</em></strong></span> <span class='ocrx_word' id='word_1_40' title='bbox 634 904 854 997; x_wconf 76' lang='grc' dir='ltr'><strong><em>ὀρχήσασθαι.</em></strong></span> 
     </span>
    </p>
   </div>
   <div class='ocr_carea' id='block_1_3' title="bbox 372 1085 611 1141">
    <p class='ocr_par' dir='ltr' id='par_1_4' title="bbox 372 1085 611 1141">
     <span class='ocr_line' id='line_1_8' title="bbox 372 1085 611 1141; baseline 0.008 -3"><span class='ocrx_word' id='word_1_41' title='bbox 372 1085 398 1141; x_wconf 81' lang='grc' dir='ltr'><strong><em>δ.</em></strong></span> <span class='ocrx_word' id='word_1_42' title='bbox 422 1087 611 1140; x_wconf 81' lang='grc' dir='ltr'><strong><em>ΤΗΜΕΝΟΣ.</em></strong></span> 
     </span>
    </p>
   </div>
   <div class='ocr_carea' id='block_1_4' title="bbox 47 1208 974 2018">
    <p class='ocr_par' dir='ltr' id='par_1_5' title="bbox 47 1208 974 2018">
     <span class='ocr_line' id='line_1_9' title="bbox 94 1208 972 1301; baseline 0 -20"><span class='ocrx_word' id='word_1_43' title='bbox 94 1211 242 1301; x_wconf 81' lang='grc' dir='ltr'><strong><em>Τήμενος</em></strong></span> <span class='ocrx_word' id='word_1_44' title='bbox 268 1211 350 1299; x_wconf 85' lang='grc' dir='ltr'><strong><em>μετά</em></strong></span> <span class='ocrx_word' id='word_1_45' title='bbox 376 1218 446 1282; x_wconf 73' lang='grc' dir='ltr'><strong><em>τῶν</em></strong></span> <span class='ocrx_word' id='word_1_46' title='bbox 471 1209 583 1283; x_wconf 75' lang='grc' dir='ltr'><strong><em>ἄλλων</em></strong></span> <span class='ocrx_word' id='word_1_47' title='bbox 606 1208 835 1300; x_wconf 74' lang='grc' dir='ltr'><strong><em>Ἡρακλειδῶν</em></strong></span> <span class='ocrx_word' id='word_1_48' title='bbox 861 1216 908 1294; x_wconf 85' lang='grc' dir='ltr'><strong><em>είς</em></strong></span> <span class='ocrx_word' id='word_1_49' title='bbox 935 1214 972 1282; x_wconf 85' lang='grc' dir='ltr'><strong><em>τό</em></strong></span> 
     </span>
     <span class='ocr_line' id='line_1_10' title="bbox 47 1310 970 1405; baseline 0.008 -27"><span class='ocrx_word' id='word_1_50' title='bbox 47 1321 94 1385; x_wconf 72' lang='grc' dir='ltr'><strong><em>ἴον</em></strong></span> <span class='ocrx_word' id='word_1_51' title='bbox 117 1310 341 1403; x_wconf 79' lang='grc' dir='ltr'><strong><em>περαιοῦσθαι</em></strong></span> <span class='ocrx_word' id='word_1_52' title='bbox 364 1315 569 1403; x_wconf 85' lang='grc' dir='ltr'><strong><em>βουλόμενος</em></strong></span> <span class='ocrx_word' id='word_1_53' title='bbox 592 1321 720 1404; x_wconf 79' lang='grc' dir='ltr'><strong><em>ἔπεμψε</em></strong></span> <span class='ocrx_word' id='word_1_54' title='bbox 735 1315 886 1405; x_wconf 80' lang='grc' dir='ltr'><strong><em>Λοκροὺς</em></strong></span> <span class='ocrx_word' id='word_1_55' title='bbox 909 1313 970 1385; x_wconf 84' lang='grc' dir='ltr'><strong><em>αὐ-</em></strong></span> 
     </span>
     <span class='ocr_line' id='line_1_11' title="bbox 47 1414 970 1506; baseline 0 -18"><span class='ocrx_word' id='word_1_56' title='bbox 47 1418 195 1506; x_wconf 74' lang='grc' dir='ltr'><strong><em>»μόλους,</em></strong></span> <span class='ocrx_word' id='word_1_57' title='bbox 215 1424 503 1506; x_wconf 81' lang='grc' dir='ltr'><strong><em>Πελοποννησίοις</em></strong></span> <span class='ocrx_word' id='word_1_58' title='bbox 525 1414 763 1506; x_wconf 73' lang='grc' dir='ltr'><strong><em>ἀγγέλλοντας,</em></strong></span> <span class='ocrx_word' id='word_1_59' title='bbox 783 1416 834 1489; x_wconf 82' lang='grc' dir='ltr'><strong><em>ὅτι</em></strong></span> <span class='ocrx_word' id='word_1_60' title='bbox 848 1428 970 1491; x_wconf 89' lang='grc' dir='ltr'><strong><em>ναυλο-</em></strong></span> 
     </span>
     <span class='ocr_line' id='line_1_12' title="bbox 47 1517 970 1613; baseline 0 -23"><span class='ocrx_word' id='word_1_61' title='bbox 47 1526 131 1590; x_wconf 72' lang='grc' dir='ltr'><strong><em>άσιν</em></strong></span> <span class='ocrx_word' id='word_1_62' title='bbox 144 1519 187 1590; x_wconf 60' lang='grc' dir='ltr'><strong><em>’ἐν</em></strong></span> <span class='ocrx_word' id='word_1_63' title='bbox 209 1520 423 1613; x_wconf 76' lang='grc' dir='ltr'><strong><em>Ναυπάκτῳ,</em></strong></span> <span class='ocrx_word' id='word_1_64' title='bbox 441 1518 478 1590; x_wconf 87' lang='grc' dir='ltr'><strong><em>τό</em></strong></span> <span class='ocrx_word' id='word_1_65' title='bbox 498 1528 613 1591; x_wconf 80' lang='grc' dir='ltr'><strong><em>δοκεῖν</em></strong></span> <span class='ocrx_word' id='word_1_66' title='bbox 635 1523 690 1592; x_wconf 79' lang='grc' dir='ltr'><strong><em>ἐπὶ</em></strong></span> <span class='ocrx_word' id='word_1_67' title='bbox 710 1520 747 1591; x_wconf 88' lang='grc' dir='ltr'><strong><em>τό</em></strong></span> <span class='ocrx_word' id='word_1_68' title='bbox 763 1517 848 1592; x_wconf 87' lang='grc' dir='ltr'><strong><em>Ῥίον</em></strong></span> <span class='ocrx_word' id='word_1_69' title='bbox 867 1531 970 1591; x_wconf 89' lang='grc' dir='ltr'><strong><em>πλευ-</em></strong></span> 
     </span>
     <span class='ocr_line' id='line_1_13' title="bbox 47 1619 972 1712; baseline 0.003 -23"><span class='ocrx_word' id='word_1_70' title='bbox 47 1622 171 1711; x_wconf 79' lang='grc' dir='ltr'><strong><em>ιάμενοι</em></strong></span> <span class='ocrx_word' id='word_1_71' title='bbox 206 1619 291 1712; x_wconf 85' lang='grc' dir='ltr'><strong><em>ὁρμή</em></strong></span> <span class='ocrx_word' id='word_1_72' title='bbox 318 1625 357 1694; x_wconf 91' lang='grc' dir='ltr'><strong><em>δέ</em></strong></span> <span class='ocrx_word' id='word_1_73' title='bbox 382 1627 501 1710; x_wconf 91' lang='grc' dir='ltr'><strong><em>(ἐστιν)</em></strong></span> <span class='ocrx_word' id='word_1_74' title='bbox 536 1621 650 1704; x_wconf 71' lang='grc' dir='ltr'><strong><em>αὐτοῖς</em></strong></span> <span class='ocrx_word' id='word_1_75' title='bbox 675 1638 798 1712; x_wconf 76' lang='grc' dir='ltr'><strong><em>χωρεῖν</em></strong></span> <span class='ocrx_word' id='word_1_76' title='bbox 832 1626 886 1693; x_wconf 85' lang='grc' dir='ltr'><strong><em>ἐπὶ</em></strong></span> <span class='ocrx_word' id='word_1_77' title='bbox 914 1622 972 1693; x_wconf 84' lang='grc' dir='ltr'><strong><em>τόν</em></strong></span> 
     </span>
     <span class='ocr_line' id='line_1_14' title="bbox 47 1718 973 1815; baseline -0.002 -20"><span class='ocrx_word' id='word_1_78' title='bbox 47 1726 155 1814; x_wconf 67' lang='grc' dir='ltr'><strong><em>ῐθμόν.</em></strong></span> <span class='ocrx_word' id='word_1_79' title='bbox 191 1718 438 1806; x_wconf 87' lang='grc' dir='ltr'><strong><em>Πιστεόσαντες</em></strong></span> <span class='ocrx_word' id='word_1_80' title='bbox 459 1731 494 1795; x_wconf 87' lang='grc' dir='ltr'><strong><em>οί</em></strong></span> <span class='ocrx_word' id='word_1_81' title='bbox 513 1727 782 1815; x_wconf 86' lang='grc' dir='ltr'><strong><em>Πελοποννήσιοι</em></strong></span> <span class='ocrx_word' id='word_1_82' title='bbox 804 1730 973 1814; x_wconf 74' lang='grc' dir='ltr'><strong><em>μετῆλθον</em></strong></span> 
     </span>
     <span class='ocr_line' id='line_1_15' title="bbox 47 1825 974 1918; baseline -0.001 -21"><span class='ocrx_word' id='word_1_83' title='bbox 47 1831 67 1897; x_wconf 79' lang='grc' dir='ltr'><strong><em>δ</em></strong></span> <span class='ocrx_word' id='word_1_84' title='bbox 80 1827 141 1897; x_wconf 85' lang='grc' dir='ltr'><strong><em>τὸν</em></strong></span> <span class='ocrx_word' id='word_1_85' title='bbox 157 1825 301 1916; x_wconf 78' lang='grc' dir='ltr'><strong><em>Ἰσθμόν.</em></strong></span> <span class='ocrx_word' id='word_1_86' title='bbox 337 1833 383 1897; x_wconf 86' lang='grc' dir='ltr'><strong><em>Οί</em></strong></span> <span class='ocrx_word' id='word_1_87' title='bbox 399 1827 433 1899; x_wconf 86' lang='grc' dir='ltr'><strong><em>δ’</em></strong></span> <span class='ocrx_word' id='word_1_88' title='bbox 454 1826 540 1916; x_wconf 78' lang='grc' dir='ltr'><strong><em>ἀμφὶ</em></strong></span> <span class='ocrx_word' id='word_1_89' title='bbox 563 1825 716 1918; x_wconf 88' lang='grc' dir='ltr'><strong><em>Τήμενον</em></strong></span> <span class='ocrx_word' id='word_1_90' title='bbox 735 1825 814 1916; x_wconf 69' lang='grc' dir='ltr'><strong><em>μεθ’</em></strong></span> <span class='ocrx_word' id='word_1_91' title='bbox 834 1825 974 1917; x_wconf 81' lang='grc' dir='ltr'><strong><em>ἡσυχίας</em></strong></span> 
     </span>
     <span class='ocr_line' id='line_1_16' title="bbox 47 1927 484 2018; baseline -0.005 -17"><span class='ocrx_word' id='word_1_92' title='bbox 47 1927 147 2001; x_wconf 56' lang='grc' dir='ltr'><strong><em>’Ῥίον</em></strong></span> <span class='ocrx_word' id='word_1_93' title='bbox 161 1931 328 2018; x_wconf 83' lang='grc' dir='ltr'><strong><em>κατέσχον.</em></strong></span> <span class='ocrx_word' id='word_1_94' title='bbox 481 1935 484 1938; x_wconf 70' lang='grc'>’</span> 
     </span>
    </p>
   </div>
   <div class='ocr_carea' id='block_1_5' title="bbox 368 2110 618 2165">
    <p class='ocr_par' dir='ltr' id='par_1_6' title="bbox 368 2110 618 2165">
     <span class='ocr_line' id='line_1_17' title="bbox 368 2110 618 2165; baseline 0 0"><span class='ocrx_word' id='word_1_95' title='bbox 368 2110 407 2165; x_wconf 82' lang='lat'><strong><em>10.</em></strong></span> <span class='ocrx_word' id='word_1_96' title='bbox 426 2112 618 2165; x_wconf 88' lang='grc' dir='ltr'><strong><em>ΠΡΟΚΛΗΣ.</em></strong></span> 
     </span>
    </p>
   </div>
   <div class='ocr_carea' id='block_1_6' title="bbox 47 2232 1019 3046">
    <p class='ocr_par' dir='ltr' id='par_1_7' title="bbox 47 2232 1019 3046">
     <span class='ocr_line' id='line_1_18' title="bbox 93 2232 1000 2326; baseline -0.003 -20"><span class='ocrx_word' id='word_1_97' title='bbox 93 2241 247 2326; x_wconf 86' lang='grc' dir='ltr'><strong><em>Προκλής</em></strong></span> <span class='ocrx_word' id='word_1_98' title='bbox 273 2239 330 2306; x_wconf 82' lang='grc' dir='ltr'><strong><em>καλ</em></strong></span> <span class='ocrx_word' id='word_1_99' title='bbox 363 2235 511 2326; x_wconf 82' lang='grc' dir='ltr'><strong><em>Τήμενος</em></strong></span> <span class='ocrx_word' id='word_1_100' title='bbox 533 2232 748 2325; x_wconf 75' lang='grc' dir='ltr'><strong><em>Ἡρακλεῖδαι</em></strong></span> <span class='ocrx_word' id='word_1_101' title='bbox 779 2233 1000 2325; x_wconf 69' lang='grc' dir='ltr'><strong><em>Εὐρυσθεί-“</em></strong></span> 
     </span>
     <span class='ocr_line' id='line_1_19' title="bbox 47 2335 971 2427; baseline -0.003 -19"><span class='ocrx_word' id='word_1_102' title='bbox 47 2368 109 2425; x_wconf 86' lang='grc' dir='ltr'><strong><em>κις,</em></strong></span> <span class='ocrx_word' id='word_1_103' title='bbox 123 2343 298 2426; x_wconf 81' lang='grc' dir='ltr'><strong><em>κατέχουσι</em></strong></span> <span class='ocrx_word' id='word_1_104' title='bbox 311 2337 373 2427; x_wconf 86' lang='grc' dir='ltr'><strong><em>τήν</em></strong></span> <span class='ocrx_word' id='word_1_105' title='bbox 387 2337 565 2426; x_wconf 88' lang='grc' dir='ltr'><strong><em>Σπάρτην,</em></strong></span> <span class='ocrx_word' id='word_1_106' title='bbox 581 2339 777 2427; x_wconf 85' lang='grc' dir='ltr'><strong><em>ἐπολέμουν.</em></strong></span> <span class='ocrx_word' id='word_1_107' title='bbox 799 2335 971 2424; x_wconf 84' lang='grc' dir='ltr'><strong><em>Ἡρακλεῖ-</em></strong></span> 
     </span>
     <span class='ocr_line' id='line_1_20' title="bbox 47 2436 973 2533; baseline -0.004 -22"><span class='ocrx_word' id='word_1_108' title='bbox 47 2471 73 2512; x_wconf 83' lang='grc' dir='ltr'><strong><em>ιι</em></strong></span> <span class='ocrx_word' id='word_1_109' title='bbox 86 2443 148 2532; x_wconf 67' lang='grc' dir='ltr'><strong><em>μὲν</em></strong></span> <span class='ocrx_word' id='word_1_110' title='bbox 158 2441 206 2530; x_wconf 84' lang='grc' dir='ltr'><strong><em>δή</em></strong></span> <span class='ocrx_word' id='word_1_111' title='bbox 221 2448 327 2512; x_wconf 76' lang='grc' dir='ltr'><strong><em>ἐδυον</em></strong></span> <span class='ocrx_word' id='word_1_112' title='bbox 339 2447 380 2529; x_wconf 75' lang='grc' dir='ltr'><strong><em>ιη’</em></strong></span> <span class='ocrx_word' id='word_1_113' title='bbox 398 2440 522 2532; x_wconf 72' lang='grc' dir='ltr'><strong><em>Ἀθηνᾷ</em></strong></span> <span class='ocrx_word' id='word_1_114' title='bbox 535 2445 603 2533; x_wconf 79' lang='grc' dir='ltr'><strong><em>τῷν</em></strong></span> <span class='ocrx_word' id='word_1_115' title='bbox 617 2436 722 2528; x_wconf 84' lang='grc' dir='ltr'><strong><em>ὁρίων</em></strong></span> <span class='ocrx_word' id='word_1_116' title='bbox 735 2437 973 2529; x_wconf 81' lang='grc' dir='ltr'><strong><em>δπερβατήρια,</em></strong></span> 
     </span>
     <span class='ocr_line' id='line_1_21' title="bbox 47 2541 974 2636; baseline -0.005 -21"><span class='ocrx_word' id='word_1_117' title='bbox 47 2544 250 2636; x_wconf 80' lang='grc' dir='ltr'><strong><em>ὐρυσθεῖδαι</em></strong></span> <span class='ocrx_word' id='word_1_118' title='bbox 279 2545 317 2614; x_wconf 79' lang='grc' dir='ltr'><strong><em>δέ</em></strong></span> <span class='ocrx_word' id='word_1_119' title='bbox 342 2542 441 2632; x_wconf 86' lang='grc' dir='ltr'><strong><em>άφυω</em></strong></span> <span class='ocrx_word' id='word_1_120' title='bbox 468 2546 697 2632; x_wconf 83' lang='grc' dir='ltr'><strong><em>προσέπιπτον</em></strong></span> <span class='ocrx_word' id='word_1_121' title='bbox 720 2546 754 2623; x_wconf 92' lang='grc' dir='ltr'><strong><em>ἐς</em></strong></span> <span class='ocrx_word' id='word_1_122' title='bbox 779 2543 904 2631; x_wconf 90' lang='grc' dir='ltr'><strong><em>μάχην·</em></strong></span> <span class='ocrx_word' id='word_1_123' title='bbox 934 2541 974 2610; x_wconf 81' lang='grc' dir='ltr'><strong><em>οὐ</em></strong></span> 
     </span>
     <span class='ocr_line' id='line_1_22' title="bbox 47 2641 974 2741; baseline -0.005 -22"><span class='ocrx_word' id='word_1_124' title='bbox 47 2648 82 2738; x_wconf 77' lang='grc' dir='ltr'><strong><em>ήυ</em></strong></span> <span class='ocrx_word' id='word_1_125' title='bbox 102 2646 274 2741; x_wconf 79' lang='grc' dir='ltr'><strong><em>ήρέδησαν</em></strong></span> <span class='ocrx_word' id='word_1_126' title='bbox 292 2643 522 2737; x_wconf 77' lang='grc' dir='ltr'><strong><em>Ἡρακλεῖδαι,</em></strong></span> <span class='ocrx_word' id='word_1_127' title='bbox 544 2641 629 2714; x_wconf 81' lang='grc' dir='ltr'><strong><em>άλλά</em></strong></span> <span class='ocrx_word' id='word_1_128' title='bbox 649 2643 726 2726; x_wconf 83' lang='grc' dir='ltr'><strong><em>τούς</em></strong></span> <span class='ocrx_word' id='word_1_129' title='bbox 745 2642 905 2734; x_wconf 84' lang='grc' dir='ltr'><strong><em>αὐλητάς,</em></strong></span> <span class='ocrx_word' id='word_1_130' title='bbox 930 2641 974 2725; x_wconf 77' lang='grc' dir='ltr'><strong><em>ὦς</em></strong></span> 
     </span>
     <span class='ocr_line' id='line_1_23' title="bbox 47 2747 972 2841; baseline -0.005 -19"><span class='ocrx_word' id='word_1_131' title='bbox 47 2753 124 2841; x_wconf 90' lang='grc' dir='ltr'><strong><em>χον,</em></strong></span> <span class='ocrx_word' id='word_1_132' title='bbox 144 2748 301 2840; x_wconf 78' lang='grc' dir='ltr'><strong><em>ήγεϊσδαι</em></strong></span> <span class='ocrx_word' id='word_1_133' title='bbox 321 2748 529 2820; x_wconf 81' lang='grc' dir='ltr'><strong><em>κελεύουσιν.</em></strong></span> <span class='ocrx_word' id='word_1_134' title='bbox 567 2753 612 2818; x_wconf 69' lang='lat' dir='ltr'><strong><em>Ol</em></strong></span> <span class='ocrx_word' id='word_1_135' title='bbox 630 2749 692 2838; x_wconf 73' lang='grc' dir='ltr'><strong><em>μὲν</em></strong></span> <span class='ocrx_word' id='word_1_136' title='bbox 704 2764 773 2830; x_wconf 81' lang='grc' dir='ltr'><strong><em>τοῖς</em></strong></span> <span class='ocrx_word' id='word_1_137' title='bbox 787 2747 902 2829; x_wconf 79' lang='grc' dir='ltr'><strong><em>αὐλοῖς</em></strong></span> <span class='ocrx_word' id='word_1_138' title='bbox 916 2752 972 2837; x_wconf 85' lang='grc' dir='ltr'><strong><em>ἐμ-</em></strong></span> 
     </span>
     <span class='ocr_line' id='line_1_24' title="bbox 47 2849 1019 2942; baseline -0.004 -19"><span class='ocrx_word' id='word_1_139' title='bbox 47 2857 175 2935; x_wconf 84' lang='grc' dir='ltr'><strong><em>νέοντες</em></strong></span> <span class='ocrx_word' id='word_1_140' title='bbox 197 2851 357 2942; x_wconf 83' lang='grc' dir='ltr'><strong><em>ήγοῦντο,</em></strong></span> <span class='ocrx_word' id='word_1_141' title='bbox 382 2857 417 2924; x_wconf 90' lang='grc' dir='ltr'><strong><em>οί</em></strong></span> <span class='ocrx_word' id='word_1_142' title='bbox 437 2854 476 2923; x_wconf 74' lang='grc' dir='ltr'><strong><em>δὲ</em></strong></span> <span class='ocrx_word' id='word_1_143' title='bbox 489 2849 622 2922; x_wconf 82' lang='grc' dir='ltr'><strong><em>ὁπλῖται</em></strong></span> <span class='ocrx_word' id='word_1_144' title='bbox 643 2851 725 2942; x_wconf 85' lang='grc' dir='ltr'><strong><em>πρὸς</em></strong></span> <span class='ocrx_word' id='word_1_145' title='bbox 745 2850 782 2922; x_wconf 85' lang='grc' dir='ltr'><strong><em>ιδ</em></strong></span> <span class='ocrx_word' id='word_1_146' title='bbox 802 2853 900 2942; x_wconf 84' lang='grc' dir='ltr'><strong><em>μέλος</em></strong></span> <span class='ocrx_word' id='word_1_147' title='bbox 918 2854 974 2920; x_wconf 84' lang='grc' dir='ltr'><strong><em>καὶ</em></strong></span> <span class='ocrx_word' id='word_1_148' title='bbox 1013 2864 1019 2869; x_wconf 86' lang='grc'><strong><em>’</em></strong></span> 
     </span>
     <span class='ocr_line' id='line_1_25' title="bbox 47 2953 973 3046; baseline -0.003 -22"><span class='ocrx_word' id='word_1_149' title='bbox 47 2962 75 3027; x_wconf 67' lang='grc' dir='ltr'><strong><em>λυ</em></strong></span> <span class='ocrx_word' id='word_1_150' title='bbox 103 2956 237 3046; x_wconf 76' lang='grc' dir='ltr'><strong><em>ῥυθμόν</em></strong></span> <span class='ocrx_word' id='word_1_151' title='bbox 260 2961 490 3046; x_wconf 83' lang='grc' dir='ltr'><strong><em>ἐμβαίνοντες,</em></strong></span> <span class='ocrx_word' id='word_1_152' title='bbox 517 2953 675 3044; x_wconf 85' lang='grc' dir='ltr'><strong><em>άρρηκτοι</em></strong></span> <span class='ocrx_word' id='word_1_153' title='bbox 698 2953 760 3044; x_wconf 87' lang='grc' dir='ltr'><strong><em>τήν</em></strong></span> <span class='ocrx_word' id='word_1_154' title='bbox 782 2954 876 3037; x_wconf 80' lang='grc' dir='ltr'><strong><em>τάξιν</em></strong></span> <span class='ocrx_word' id='word_1_155' title='bbox 902 2955 973 3040; x_wconf 81' lang='grc' dir='ltr'><strong><em>ἐγέ-</em></strong></span> 
     </span>
    </p>
   </div>
   <div class='ocr_carea' id='block_1_7' title="bbox 47 3055 1093 3148">
    <p class='ocr_par' dir='ltr' id='par_1_8' title="bbox 47 3055 1093 3148">
     <span class='ocr_line' id='line_1_26' title="bbox 47 3055 1093 3148; baseline -0.008 -17"><span class='ocrx_word' id='word_1_156' title='bbox 47 3089 115 3131; x_wconf 79' lang='grc' dir='ltr'><strong><em>ιντο</em></strong></span> <span class='ocrx_word' id='word_1_157' title='bbox 131 3063 187 3130; x_wconf 83' lang='grc' dir='ltr'><strong><em>καλ</em></strong></span> <span class='ocrx_word' id='word_1_158' title='bbox 205 3058 283 3141; x_wconf 78' lang='grc' dir='ltr'><strong><em>τοὺς</em></strong></span> <span class='ocrx_word' id='word_1_159' title='bbox 297 3062 475 3148; x_wconf 80' lang='grc' dir='ltr'><strong><em>πολεμίους</em></strong></span> <span class='ocrx_word' id='word_1_160' title='bbox 489 3061 657 3147; x_wconf 89' lang='grc' dir='ltr'><strong><em>ἐνίκησαν.</em></strong></span> <span class='ocrx_word' id='word_1_161' title='bbox 680 3055 722 3126; x_wconf 88' lang='grc' dir='ltr'><strong><em>Ἡ</em></strong></span> <span class='ocrx_word' id='word_1_162' title='bbox 732 3071 831 3143; x_wconf 81' lang='grc' dir='ltr'><strong><em>πείρα</em></strong></span> <span class='ocrx_word' id='word_1_163' title='bbox 844 3059 974 3139; x_wconf 75' lang='grc' dir='ltr'><strong><em>ἐδίδαξε</em></strong></span> <span class='ocrx_word' id='word_1_164' title='bbox 1089 3090 1093 3098; x_wconf 93' lang='grc'><strong><em>·</em></strong></span> 
     </span>
    </p>
   </div>
   <div class='ocr_carea' id='block_1_8' title="bbox 47 3156 976 3663">
    <p class='ocr_par' dir='ltr' id='par_1_9' title="bbox 47 3156 976 3663">
     <span class='ocr_line' id='line_1_27' title="bbox 47 3156 976 3249; baseline -0.003 -18"><span class='ocrx_word' id='word_1_165' title='bbox 47 3162 94 3243; x_wconf 83' lang='grc' dir='ltr'><strong><em>ιδς</em></strong></span> <span class='ocrx_word' id='word_1_166' title='bbox 109 3164 271 3244; x_wconf 88' lang='grc' dir='ltr'><strong><em>Λάκωνας</em></strong></span> <span class='ocrx_word' id='word_1_167' title='bbox 283 3160 343 3232; x_wconf 85' lang='grc' dir='ltr'><strong><em>τόν</em></strong></span> <span class='ocrx_word' id='word_1_168' title='bbox 356 3159 462 3232; x_wconf 82' lang='grc' dir='ltr'><strong><em>αάλδν</em></strong></span> <span class='ocrx_word' id='word_1_169' title='bbox 485 3167 574 3249; x_wconf 83' lang='grc' dir='ltr'><strong><em>ἐχειν</em></strong></span> <span class='ocrx_word' id='word_1_170' title='bbox 589 3158 641 3230; x_wconf 83' lang='grc' dir='ltr'><strong><em>άελ</em></strong></span> <span class='ocrx_word' id='word_1_171' title='bbox 653 3156 841 3249; x_wconf 84' lang='grc' dir='ltr'><strong><em>στρατηγόν</em></strong></span> <span class='ocrx_word' id='word_1_172' title='bbox 855 3163 891 3229; x_wconf 91' lang='grc' dir='ltr'><strong><em>ἐν</em></strong></span> <span class='ocrx_word' id='word_1_173' title='bbox 904 3174 976 3240; x_wconf 79' lang='grc' dir='ltr'><strong><em>ταῖς</em></strong></span> 
     </span>
     <span class='ocr_line' id='line_1_28' title="bbox 47 3260 974 3354; baseline -0.004 -19"><span class='ocrx_word' id='word_1_174' title='bbox 47 3267 144 3354; x_wconf 83' lang='grc' dir='ltr'><strong><em>άχαις.</em></strong></span> <span class='ocrx_word' id='word_1_175' title='bbox 177 3262 288 3345; x_wconf 82' lang='grc' dir='ltr'><strong><em>Λόλδς</em></strong></span> <span class='ocrx_word' id='word_1_176' title='bbox 306 3261 435 3354; x_wconf 81' lang='grc' dir='ltr'><strong><em>ήγείται</em></strong></span> <span class='ocrx_word' id='word_1_177' title='bbox 449 3263 623 3334; x_wconf 74' lang='grc' dir='ltr'><strong><em>Λακώνων</em></strong></span> <span class='ocrx_word' id='word_1_178' title='bbox 637 3265 670 3343; x_wconf 87' lang='grc' dir='ltr'><strong><em>ἐς</em></strong></span> <span class='ocrx_word' id='word_1_179' title='bbox 684 3260 829 3350; x_wconf 90' lang='grc' dir='ltr'><strong><em>πόλεμον</em></strong></span> <span class='ocrx_word' id='word_1_180' title='bbox 842 3261 974 3349; x_wconf 84' lang='grc' dir='ltr'><strong><em>ἰόντων,</em></strong></span> 
     </span>
     <span class='ocr_line' id='line_1_29' title="bbox 47 3364 974 3456; baseline -0.009 -17"><span class='ocrx_word' id='word_1_181' title='bbox 47 3373 72 3439; x_wconf 77' lang='grc' dir='ltr'><strong><em>ιλ</em></strong></span> <span class='ocrx_word' id='word_1_182' title='bbox 92 3368 129 3439; x_wconf 87' lang='grc' dir='ltr'><strong><em>τὸ</em></strong></span> <span class='ocrx_word' id='word_1_183' title='bbox 152 3368 353 3456; x_wconf 85' lang='grc' dir='ltr'><strong><em>ἐμβατήριον</em></strong></span> <span class='ocrx_word' id='word_1_184' title='bbox 371 3364 472 3447; x_wconf 82' lang='grc' dir='ltr'><strong><em>αὐλός</em></strong></span> <span class='ocrx_word' id='word_1_185' title='bbox 492 3369 650 3436; x_wconf 87' lang='grc' dir='ltr'><strong><em>ἐνδίδωσι</em></strong></span> <span class='ocrx_word' id='word_1_186' title='bbox 678 3380 747 3445; x_wconf 75' lang='grc' dir='ltr'><strong><em>τοῖς</em></strong></span> <span class='ocrx_word' id='word_1_187' title='bbox 767 3367 974 3455; x_wconf 81' lang='grc' dir='ltr'><strong><em>μαχομένοις.</em></strong></span> 
     </span>
     <span class='ocr_line' id='line_1_30' title="bbox 50 3465 974 3561; baseline -0.008 -19"><span class='ocrx_word' id='word_1_188' title='bbox 50 3472 107 3542; x_wconf 79' lang='grc' dir='ltr'><strong><em>ίδα</em></strong></span> <span class='ocrx_word' id='word_1_189' title='bbox 135 3468 200 3561; x_wconf 79' lang='grc' dir='ltr'><strong><em>ἐγοδ</em></strong></span> <span class='ocrx_word' id='word_1_190' title='bbox 227 3471 283 3538; x_wconf 80' lang='grc' dir='ltr'><strong><em>καὶ</em></strong></span> <span class='ocrx_word' id='word_1_191' title='bbox 310 3468 370 3540; x_wconf 86' lang='grc' dir='ltr'><strong><em>τὸν</em></strong></span> <span class='ocrx_word' id='word_1_192' title='bbox 393 3468 479 3540; x_wconf 77' lang='grc' dir='ltr'><strong><em>θεὸν</em></strong></span> <span class='ocrx_word' id='word_1_193' title='bbox 501 3465 663 3539; x_wconf 80' lang='grc' dir='ltr'><strong><em>ἀνελόντα</em></strong></span> <span class='ocrx_word' id='word_1_194' title='bbox 685 3473 785 3557; x_wconf 89' lang='grc' dir='ltr'><strong><em>νίκην</em></strong></span> <span class='ocrx_word' id='word_1_195' title='bbox 805 3466 974 3552; x_wconf 88' lang='grc' dir='ltr'><strong><em>Λάκωσιν,</em></strong></span> 
     </span>
     <span class='ocr_line' id='line_1_31' title="bbox 47 3567 974 3663; baseline -0.006 -19"><span class='ocrx_word' id='word_1_196' title='bbox 47 3573 88 3645; x_wconf 78' lang='grc' dir='ltr'><strong><em>π’</em></strong></span> <span class='ocrx_word' id='word_1_197' title='bbox 108 3570 151 3645; x_wconf 82' lang='grc' dir='ltr'><strong><em>άν</em></strong></span> <span class='ocrx_word' id='word_1_198' title='bbox 170 3575 340 3663; x_wconf 75' lang='grc' dir='ltr'><strong><em>πολεμῶσι</em></strong></span> <span class='ocrx_word' id='word_1_199' title='bbox 361 3569 621 3662; x_wconf 71' lang='grc' dir='ltr'><strong><em>μετά-αὐλητοδν</em></strong></span> <span class='ocrx_word' id='word_1_200' title='bbox 642 3572 698 3643; x_wconf 82' lang='grc' dir='ltr'><strong><em>καὶ</em></strong></span> <span class='ocrx_word' id='word_1_201' title='bbox 718 3570 762 3660; x_wconf 84' lang='grc' dir='ltr'><strong><em>μή</em></strong></span> <span class='ocrx_word' id='word_1_202' title='bbox 778 3568 859 3660; x_wconf 82' lang='grc' dir='ltr'><strong><em>πρὸς</em></strong></span> <span class='ocrx_word' id='word_1_203' title='bbox 872 3567 974 3656; x_wconf 86' lang='grc' dir='ltr'><strong><em>αὐλη-</em></strong></span> 
     </span>
    </p>
   </div>
   <div class='ocr_carea' id='block_1_9' title="bbox 0 0 1165 3892">
    <p class='ocr_par' dir='ltr' id='par_1_10' title="bbox 0 0 1165 3892">
     <span class='ocr_line' id='line_1_32' title="bbox 0 0 1165 3892; baseline 0 0"><span class='ocrx_word' id='word_1_204' title='bbox 0 0 1165 3892; x_wconf 95' lang='lat' dir='ltr'><strong><em> </em></strong></span> 
     </span>
    </p>
   </div>
  </div>
 </body>
</html>
