2318 3892
368 241 372 247 .
429 192 579 255 ΕΚΤΟΝ.
928 194 989 258 223

44 374 142 435 ίσθαι
172 363 230 432 καί
254 361 443 451 σύμμαχον,
472 361 564 457 αύτῷ
585 362 647 454 τὴν
666 371 838 435 πολιτείαν
859 369 989 456 ἐπιτρέ·
1072 395 1075 401 ’

44 493 143 538 ποντα.
178 461 236 547 Ὃς
257 467 314 535 καὶ
336 465 507 560 Θεοδότῳ,
533 465 701 555 γράψαντι
723 467 881 558 φυλακὴν
900 468 991 564 αύτῷ

44 574 148 640 ὀύναι
157 573 219 638 τού
228 567 377 656 σώματος
391 567 490 649 αὐτὸς
504 566 652 656 ἀντεῖπε,
664 571 787 658 καὶτῆς
801 569 991 662 ἀποδούσης

44 675 287 762 ίασσανδρεῦσι
296 669 358 761 τήν
371 673 571 759 ἐλευθερίαν
578 669 773 762 Εὐρυδίκης
783 672 902 764 ἑορτὴν
909 702 988 744 κατ-

44 773 204 864 noiomo,
230 770 275 863 ἣν
300 775 458 844 ἐκάλεσεν
479 772 702 863 Εὐρυδίκεια,
728 779 785 846 καὶ
810 792 878 858 τολς
899 781 988 861 ἐξελ-

44 882 129 947 οῦσι
153 881 212 965 τῆς
231 874 335 965 ἄκρας
355 876 570 966 στρατιώταις
590 884 763 948 πολιτείαν
782 885 908 969 ἔγραψε
933 882 991 950 καὶ

45 978 172 1071 λήρους
198 980 235 1050 ἐν
253 984 294 1068 τῇ
315 979 477 1069 Παλλήνῃ
499 985 662 1067 δοθῆναι,
689 985 746 1050 ἵνα
765 985 991 1071 παραμένοιεν

44 1082 178 1163 ιύλακες
198 1086 258 1171 τῆς
278 1085 485 1172 ἐλευθερίας.
514 1079 570 1151 Ἐν
592 1082 629 1151 δὲ
650 1099 719 1164 τοῖς
738 1092 936 1172 συμποσίοις
960 1097 994 1155 εί

44 1214 73 1267 ις
86 1191 132 1235 **
146 1189 213 1273 ἐφη
227 1182 360 1269 δεινὸν,
380 1183 465 1255 άλλὰ
486 1185 543 1254 καί
560 1187 722 1273 σχέτλιον.
763 1187 899 1270 Τούτοις
918 1188 991 1273 [τδν

45 1293 148 1378 ῆμον]
163 1286 378 1375 ἐξαπατήσας,
395 1285 439 1369 ώς
453 1288 718 1376 δημοτικώτατος
731 1283 791 1374 ών,
807 1292 988 1381 ἐπανέστη-

44 1418 83 1462 εν
102 1391 307 1471 οίκέταςῖκαὶ
320 1388 399 1472 τούς
412 1388 477 1460 άπδ
498 1396 567 1459 τών
581 1394 810 1480 ἐργαστηρίων
830 1400 990 1481 τεχνίτας,

45 1495 79 1565 αδ
94 1491 270 1582 μειράκιον
283 1495 476 1583 Καλλιμέλη
491 1493 706 1581 συναρπάσας
719 1496 775 1563 καί
789 1494 898 1576 θύσας
912 1499 989 1566 ἐπέ-

45 1615 147 1685 τησεν
168 1592 259 1688 αύτρῑ
280 1594 442 1686 μάγειρον
460 1597 682 1685 Λεοντομένη.
721 1587 829 1677 Οὗτος
851 1604 987 1669 δειπνο-

45 1697 163 1788 οιήσας
176 1696 217 1767 τά
230 1697 404 1785 σπλάγχνα
418 1699 591 1786 παρέθηκε
606 1713 675 1777 τοῖς
690 1699 916 1786 συνωμόταις·
941 1691 990 1769 ών

45 1799 281 1888 ειπνησάντων
300 1801 356 1868 καὶ
375 1799 523 1869 πιόντων
537 1796 574 1867 τδ
589 1793 672 1887 αἷμα
685 1809 767 1893 οίνςο
790 1803 908 1890 μέλανι
929 1830 988 1891 με·

45 1903 205 1992 ιγμένον,
227 1904 356 1983 ἔδειξεν
376 1899 491 1982 αὐτοῖς
511 1899 549 1970 τδ
562 1907 673 1990 σῶμα,
694 1908 736 1994 τῇ
749 1912 911 1996 κοινωνία
923 1910 990 1999 τοῦ

45 2005 205 2099 ιάσματος
221 2006 376 2093 ἐμπεδῶν
388 2003 426 2075 τὸ
439 2002 558 2075 πιστδν
571 2008 830 2092 τῆςέπιθέσεως.
865 2009 931 2078 Καί
947 2006 989 2096 δὴ

45 2107 152 2188 τύποις
159 2106 365 2197 χρησάμενος
379 2107 563 2197 συμμάχοις
571 2110 709 2197 κατέσχε
722 2106 785 2198 την
791 2117 988 2199 τυραννίδα,

45 2212 79 2281 αδ
91 2208 258 2298 τύραννος
272 2211 403 2296 ἐγένετο
416 2209 644 2299 φονικώτατος
657 2213 713 2281 καί
723 2207 888 2299 ώμότατος
902 2213 987 2284 πάν-

45 2342 108 2401 ων,
129 2309 201 2384 ὅσοι
221 2308 468 2403 παρ’Ἕλλησιν
485 2308 506 2403 ἢ
525 2312 582 2382 καί
602 2311 692 2404 παρὰ
707 2313 890 2416 βαρβάροις
910 2318 987 2386 ἐτν-

45 2416 206 2506 άννησαν.

377 2593 403 2648 8.
423 2595 626 2649 ΑΙΓΤΠΤΟΣ.

98 2731 274 2810 Αἴγυπτος
291 2715 359 2790 ύπδ
381 2719 580 2790 Μαυσώλου
602 2721 778 2819 πεμφθείς
786 2723 819 2803 ἐς
831 2729 987 2813 Μίλητον

45 2823 229 2916 νμπράξων
244 2838 314 2905 τοῖς
327 2828 528 2914 προδιδοῦσι
541 2821 605 2912 την
617 2823 730 2911 πόλιν,
743 2827 986 2913 καταπλεύσας,

46 2927 291 3019 ροαισθόμενος
316 2922 360 3008 ώς
380 2926 649 3015 ἐπιβουλεύοιτο,
677 2927 825 3009 σπεύσας
845 2930 901 2998 ἐπὶ
924 2928 987 3018 την

46 3037 110 3102 οὖν
138 3031 320 3122 προανέβη.
364 3033 409 3098 OC
432 3029 495 3117 μὲν
514 3031 790 3119 ἐπιβουλεύοντες
811 3028 911 3118 ἐγγύς
928 3036 987 3120 τῆς

46 3134 190 3224 αλάττης
203 3134 405 3223 ἐφέδρενον·
419 3127 437 3200 ὁ
452 3131 489 3202 δὲ
505 3135 542 3202 ἐκ
558 3138 617 3222 τῆς
632 3131 717 3214 νεώς
730 3135 891 3222 ἐκπέμπει
909 3132 986 3204 τινά

47 3237 169 3327 ράσας,
198 3231 293 3305 “Τδν
318 3233 531 3324 κυβερνήτην
560 3235 697 3325 ζητήσας
723 3236 815 3320 [καί]
848 3246 983 3323 Αίγνπ-

46 3339 169 3429 ινάμε·
191 3336 256 3430 ἤδη
275 3335 340 3426 γάρ
354 3334 541 3425 άνάχεσδαι
559 3335 655 3427 χρὴ.”
693 3335 794 3409 Τοῦτ’
816 3335 982 3409 άκούσαν-

46 3469 77 3525 ις
89 3448 124 3515 οί
137 3440 461 3533 παραφυλάσσοντες
475 3441 657 3530 Μιλήσιοι,
676 3447 734 3528 τῆς
746 3439 832 3522 νεώς
852 3439 983 3530 άποχω-
1074 3447 1078 3457 ’

46 3544 200 3635 ἦσαντες,
220 3543 362 3636 ,ἐζήτουν
382 3554 560 3632 Αίχυπτον
580 3541 645 3615 άνδ
667 3538 741 3634 τηνἱ
757 3543 872 3616 πόλιν·
900 3539 918 3615 δ
947 3545 984 3616 δέ
