2318 3892
110 202 172 250 XIV
511 200 717 248 PRAEFATIO.

110 361 152 419 vel
166 379 199 418 ex
213 361 348 418 communi
368 363 484 438 quodam
504 362 581 419 lonte
596 361 733 418 lluaerunt
749 361 792 418 vel
812 379 898 437 aeque
919 362 987 420 bene
1011 363 1137 422 durisse'

110 455 235 521 possunt.

193 531 341 593 Historiam
355 530 500 587 Romanam
515 531 626 605 quod'
602 548 646 586 vm
663 530 776 604 triginta
797 508 861 586 libri
882 532 968 588 octavi
985 533 1122 609 capitibus

109 614 238 681 absolvit,
256 616 408 672 Fabricium
422 615 520 678 movit,
542 624 574 672 ut
589 615 755 690 Polyaenum
768 632 861 690 neque
877 615 1002 673 Frontini
1023 625 1123 676 strate·
1141 602 1145 616 ’

110 701 263 774 gematioon
278 700 355 757 libris
370 717 450 756 usum
465 717 524 756 esse
540 717 628 774 neque
642 700 709 757 adeo
723 700 843 775 linguam
862 700 973 757 latinam
993 702 1122 760 calluisse

109 786 250 841 iudicaret.
283 785 335 841 Sed
356 793 388 841 ut
407 785 546 841 mittamus
561 802 703 842 causarum
722 793 868 860 patronum
888 785 997 859 linguae
1018 786 1117 845 latinae

109 870 247 942 ignarum,
269 871 327 944 ipse
342 869 495 926 Suetonius
510 869 632 944 locuples
653 870 732 926 testis
752 871 818 933 erit,
839 871 1006 945 Polyaenum
1019 870 1121 929 latinu

110 971 220 1029 quoquc
240 962 380 1016 auctores,
400 952 465 1012 licet
479 954 583 1018 rarius,
603 954 749 1010 evolvisse:
774 971 835 1011 nam
850 954 985 1012 Suetonio
1006 955 1079 1014 adeo
1095 973 1122 1013 se

109 1039 222 1102 addixit,
248 1048 284 1095 ut
310 1039 426 1095 sedecim
447 1038 568 1094 Caesaris
594 1047 622 1095 et
643 1056 689 1094 ser
709 1039 826 1112 Augusti
854 1047 1052 1115 strategemata
1080 1039 1122 1097 vel

109 1124 204 1180 eodem
225 1123 319 1180 ordine
341 1122 481 1186 retulerit,
509 1140 565 1196 qno
584 1122 631 1179 ille
650 1123 753 1181 retulit.
793 1123 851 1192 Quo
872 1132 1013 1198 comperto
1037 1124 1123 1182 nolim

108 1224 160 1280 ego
175 1225 275 1281 negare
291 1208 316 1263 ei
333 1208 468 1264 Frontini
483 1225 551 1282 opus
567 1209 598 1263 ad
614 1224 709 1263 manus
726 1208 819 1277 luisse,
835 1209 997 1282 praesertim
1012 1209 1124 1266 collatis

109 1293 142 1347 iis
160 1291 243 1356 locis,
269 1309 338 1365 quos
352 1309 399 1366 pg.
416 1298 469 1353 358
484 1311 506 1348 s.
522 1309 546 1347 v.
580 1291 728 1348 Frontinus
745 1293 861 1367 apposui
882 1292 996 1367 primos.
1025 1293 1082 1351 Sed
1101 1288 1123 1350 si

107 1377 266 1433 discesseris
279 1393 294 1432 a
305 1376 436 1433 Suetonio
452 1384 479 1432 et
490 1376 630 1438 Frontino,
646 1376 689 1432 via
705 1377 848 1450 quisquam
863 1384 905 1433 est
921 1378 993 1433 inter
1004 1380 1124 1453 scripto-

108 1479 153 1518 res
168 1461 318 1524 Romanos,
343 1477 398 1534 quo
418 1478 498 1517 usum
513 1460 753 1534 esse-Polyaenum
775 1460 866 1535 aliquo
883 1461 943 1518 iure
955 1464 1121 1520 contendas.

109 1543 230 1601 Sallustii
250 1553 338 1608 certe,
361 1545 495 1609 Caesaris,
524 1544 604 1608 Livii,
631 1545 715 1601 Taciti
735 1563 784 1601 neo
805 1546 866 1602 vola
890 1562 940 1602 nec
966 1547 1120 1622 vestigium.

108 1629 238 1686 Rutilium
252 1630 351 1687 Rufum
365 1629 483 1687 fortasse
494 1646 642 1703 agnoscere
663 1629 712 1686 tibi
728 1630 862 1686 videberis
882 1630 910 1686 in
934 1630 983 1693 iis,
1002 1647 1082 1711 quae·
1089 1632 1121 1688 ad

109 1713 210 1771 bellum
230 1714 423 1772 Numantinum
445 1715 599 1789 pertinent,
621 1731 668 1788 pg
689 1721 748 1777 293,
771 1722 805 1774 lo
820 1732 861 1789 sq.
881 1720 941 1778 294,
964 1720 1048 1792 8sq.
1070 1715 1119 1773 nisi

108 1799 201 1873 potius
216 1799 356 1856 duxerunt
376 1816 408 1855 er
429 1798 563 1873 Scipionis
583 1799 636 1855 rita
649 1816 665 1854 a
677 1798 824 1856 Plutarcho
844 1797 1015 1883 conscripta,
1043 1816 1115 1875 quem

108 1884 211 1958 pariter
230 1891 312 1958 atque
333 1884 486 1958 Appianum
502 1882 587 1938 multa
604 1882 706 1938 Rutilio
722 1883 793 1939 llulo
807 1883 906 1940 debere
921 1883 990 1939 satis
1003 1891 1119 1941 constat

192 1967 288 2025 Nunc'
281 1984 335 2023 ram
349 1967 488 2024 dicendi
504 1983 630 2040 genus,
649 1983 704 2040 quo
720 1984 785 2023 naus
798 1976 840 2024 est
848 1967 1009 2042 Polyaenus
1026 1970 1122 2044 paucis

109 2052 290 2110 illustremus:
305 2069 402 2125 magna
413 2051 458 2108 hic
469 2067 578 2125 quoque
592 2058 636 2107 est
647 2052 832 2108 controversia
846 2051 918 2108 inter
928 2052 1002 2109 viros
1013 2053 1118 2111 doctos.

109 2138 174 2194 Nam
196 2153 229 2194 ex
252 2153 306 2210 quo
326 2135 500 2192 Casaubonns
527 2143 667 2192 auctorem
688 2143 815 2198 nostrum
839 2136 1020 2210 ‘elegantem
1044 2136 1119 2200 dixit,

109 2222 264 2296 complures
279 2221 366 2277 hanc'
359 2236 445 2295 ipsam
461 2220 645 2294 ‘elegantiam’
659 2236 746 2295 usque
769 2222 801 2278 ad
817 2228 912 2277 nostra
928 2229 1065 2296 tempora
1072 2217 1123 2280 Po·

109 2306 205 2381 lyaeno
221 2305 295 2364 laudi
311 2296 480 2363 tribuerunt·
493 2323 560 2379 quas
575 2304 668 2362 laudes
679 2298 847 2379 Reislrius²¹l
859 2314 1021 2380 aspernatus
1039 2306 1122 2370 addit,

109 2392 178 2448 vites
191 2407 299 2466 quoque
313 2390 437 2464 potuisse
453 2391 545 2464 spinas
560 2390 633 2452 dare,
650 2390 673 2446 si
687 2391 887 2446 Antoninorum
902 2397 1026 2465 tempora
1041 2391 1125 2448 talem

109 2477 182 2541 le'rre
196 2475 346 2551 potuerint
372 2475 465 2549 Neque
476 2484 566 2530 tamen
580 2474 749 2539 crediderim,
765 2493 833 2549 quae
848 2474 950 2530 Reislrii
963 2483 991 2531 et
1005 2475 1124 2533 aliorum

110 2568 153 2641 est
177 2559 325 2622 sententia,
354 2577 404 2616 nos
424 2559 552 2636 Polyaeni
573 2558 659 2616 libros
679 2559 779 2616 habere
803 2559 1000 2617 contaminatos
1026 2567 1057 2617 et
1079 2578 1124 2627 ex·

110 2632 236 2720 cerptos,
261 2661 322 2701 oum
337 2653 367 2700 et
383 2653 573 2719 argumentum
588 2644 677 2719 ipsum
692 2644 815 2719 requirat
830 2644 981 2701 orationem
998 2636 1127 2719 pressam

99 2739 140 2799 ¹et
155 2728 296 2786 astrictam
317 2727 397 2803 (quae
418 2728 489 2803 apud
507 2728 668 2786 Frontinum
687 2729 774 2786 multo
796 2729 878 2785 etiarn
897 2737 942 2785 est
964 2728 1124 2803 astrictior),

111 2823 139 2870 ct
156 2814 241 2870 multa
255 2821 448 2887 strategemata
463 2821 518 2869 tam
533 2821 657 2870 accurate
670 2830 731 2869 cum
744 2813 891 2871 Plutarcho
907 2813 1022 2887 aliisque
1036 2815 1126 2872 histo·

111 2900 212 2955 riarum
228 2898 409 2972 scriptoribus
423 2898 608 2960 consentiant,
627 2906 662 2954 ut
677 2897 721 2953 vix
740 2898 849 2972 possint
869 2905 995 2972 excerpta
1012 2914 1075 2956 esse
1092 2916 1125 2956 ex

111 2984 234 3057 pleniore
249 3000 340 3058 opere.
378 2982 412 3039 Εἰ
426 2982 578 3057 Polyaenus
595 2983 668 3058 ipso,
689 2983 754 3039 dum
765 2983 909 3040 historiam
923 2981 989 3039 belli
1002 2980 1124 3041 Parthici

111 3129 313 3151 ,νὼ

178 3233 223 3298 21)
236 3234 271 3284 ad
284 3233 492 3284 Constantinum
503 3232 708 3298 Porphyrogen.
722 3232 757 3282 de
769 3232 945 3282 caerimoniis
956 3247 982 3297 p
993 3230 1124 3297 control.

112 3304 146 3351 ll.
161 3319 206 3368 pg.
219 3301 269 3352 523
287 3302 352 3352 odit.
365 3300 540 3366 Bonnensis).
569 3301 647 3350 Idem
663 3317 709 3366 pg.
721 3298 785 3350 406.
810 3301 907 3381 ‘Quem
922 3314 972 3350 nos
989 3299 1126 3351 habemus

111 3371 133 3418 1
135 3369 280 3434 clyeenum
292 3385 325 3419 cx
338 3371 397 3419 eius
410 3368 611 3419 commentariis
622 3384 681 3419 cnm
691 3368 792 3418 inentis
797 3368 855 3418 suis
864 3369 1125 3435 commentisnugax

112 3437 210 3502 aliquis
228 3436 380 3488 Graeculae
403 3433 625 3488 consarcinarlt’.
656 3435 700 3486 Cf
719 3435 852 3487 Zeiteolrr.
870 3436 889 3488 f.
905 3432 1022 3486 Altertli.
1026 3436 1123 3488 -wiss

112 3504 185 3557 1834.
197 3521 243 3572 pg
255 3504 315 3556 975.
