2318 3892
449 210 635 271 ΠΡΩΤΟΝ.
1003 217 1022 275 5

56 381 113 449 Τά
127 408 166 468 γε
185 378 252 471 μήν
274 379 545 470 στρατηγήματα,
577 378 626 463 οἷς
651 382 733 452 κατά
763 391 830 454 των
853 395 1057 476 πολεμίων9

55 483 239 574 ἐχρήσατο,
255 483 415 563 πολλάκις
430 481 504 576 ᾅδει
517 481 674 575 Ὅμηρος·

111 584 226 655 Αὐτόν
240 614 299 673 μιν
313 592 481 675 πληγῇσιν
495 584 678 678 ἀεικελίῃσι
697 585 886 675 δαμάσσας,

55 684 284 776 αὐτομολῆσαι
305 687 346 776 δή
370 685 413 767 ὡς
432 688 510 770 τούς
532 687 938 780 πολεμίους’ὑπεκρίνατο.
954 697 1018 762 Καὶ

55 789 118 861 τὸν
131 796 236 860 ἵππον
253 790 290 859 δὲ
305 788 363 859 τὸν
377 793 577 878 δουράτεον,

112 946 156 961 ...
170 891 230 962 τὸν
240 889 364 972 Ἐπειὸς
379 896 537 982 ἐποίησεν
550 893 615 964 σδν
628 890 769 983 Ἀθήνη,

55 996 225 1066 καὶτοῦτο
240 995 451 1084 στρατήγημα
462 993 649 1076 Ὀδυσσέως
661 988 714 1085 ήν.
725 994 854 1086 Ὀρθως
868 993 900 1064 δ’
917 993 960 1065 άν
970 1024 1020 1078 τις
1039 1020 1072 1072 10

55 1099 221 1166 καλοῑκαὶ
240 1095 299 1166 τὸν
315 1090 438 1185 Οὖτιν,
462 1100 518 1168 καὶ
539 1097 599 1168 τὸν
617 1098 728 1186 οἶνον,
748 1096 885 1167 καὶτὸν
904 1098 1019 1186 δαλὸν,

55 1197 192 1268 καὶτὸν
217 1197 325 1288 κριὸν,
347 1201 602 1291 στρατηγήματα
623 1200 707 1279 κατά
736 1206 797 1270 τοῦ
819 1200 1017 1283 Κύκλωπος.

55 1303 123 1370 Καὶ
138 1297 155 1371 ὁ
169 1301 270 1391 κηρὸς
290 1303 328 1372 δὲ
349 1319 418 1384 τοῖς
437 1302 498 1374 ὠσί
510 1310 580 1374 των
593 1306 735 1393 ἑταίρων
748 1300 1017 1393 ἐναλειφόμενος,

55 1407 113 1474 καὶ
127 1401 226 1485 αὐτὸς
236 1403 339 1495 ὀρθὸς
353 1409 391 1476 ἐν
405 1409 561 1496 ίστοπίδη
576 1412 596 1477 δ
599 1405 830 1495 εσμενόμενος,
843 1408 899 1475 καλ
914 1414 1018 1477 ταῦτα

55 1511 184 1586 ἐκεῖνος
203 1509 396 1597 ἐστρατήγει
415 1507 500 1578 κατά
517 1515 575 1598 τῆς
594 1507 755 1597 ὀλεθρίου
775 1514 945 1596 μουσικῆς.
979 1519 1020 1580 Τί
1037 1531 1066 1582 ll

55 1607 89 1679 δ’
107 1604 150 1678 άν
163 1617 264 1698 φαίης
276 1610 338 1699 τήν
352 1611 464 1701 πήραν
472 1616 533 1680 τοῦ
543 1616 694 1699 πτωχοῦ;
709 1614 765 1680 καὶ
778 1607 840 1680 ὅσα
854 1610 936 1701 πρὸς
949 1609 1016 1682 Εὕ-

55 1740 171 1802 μαιον,
187 1708 207 1800 ή
222 1711 303 1800 πρὸς
317 1711 379 1801 τήν
392 1712 595 1802 Πηνελόπην
609 1713 801 1791 ἐπλάττετο;

98 1812 190 1882 ’Ίσκε
204 1813 332 1897 ηεάδεα
346 1814 452 1885 πολλὰ
465 1817 574 1902 λέγων
588 1812 759 1903 ἐτύμοισιν
772 1810 879 1903 ὁμοία.

55 1920 123 1988 Καὶ
137 1919 251 2004 μέντοι
264 1914 404 2012 καὶἼρῳ
418 1928 578 1989 παλαῖσαι
586 1969 596 2005 ,
615 1920 672 1988 καλ
686 1921 724 1987 ἐκ
738 1922 798 1987 τοῦ
811 1922 944 2009 καπνοῦ
956 1948 1014 2008 με·

55 2031 211 2090 ιαθεῖναι
225 2019 265 2088 τά
286 2017 373 2090 ὅπλα
392 2027 460 2090 τῶν
473 2029 657 2112 μειρακίων
670 2017 885 2109 μεθυόντων,
900 2018 966 2092 άπό
980 2050 1016 2092 τε

55 2128 123 2191 τάν
137 2127 257 2209 θυρῶν
277 2119 315 2192 τὸ
329 2123 424 2206 τόξον
438 2128 603 2210 ἐντεῖναι,
624 2115 681 2210 ἆρ’
698 2121 772 2209 οὐχὶ
791 2123 899 2192 πάντα
913 2129 1017 2194 ταῦτα

55 2217 97 2313 ἦν
116 2222 197 2294 κατά
214 2232 384 2315 πολεμίων
403 2227 673 2316 στρατηγήματα;
692 2223 790 2292 Ἀλλά
818 2230 923 2293 ταῦτα
944 2227 1016 2315 μὲν,
1036 2246 1067 2297 12

55 2323 75 2416 ἢ
89 2324 150 2395 ὅσα
163 2333 317 2413 τοιαῦτα,
342 2328 513 2397 διδάσκων
525 2325 669 2416 ’Όμηρος
689 2325 843 2416 άρκείτω.
880 2323 964 2397 Οίον
979 2329 1023 2398 δὲ’

55 2427 191 2498 κάκεῑνο
211 2433 423 2518 στρατήγημα
437 2427 624 2508 Ὀδυσσέως
647 2433 681 2496 οί
696 2429 863 2519 τραγῳδοὶ
885 2426 1015 2519 ᾅδουσι.

55 2530 264 2620 Παλαμήδην
287 2535 442 2621 ἐνίκησεν
458 2529 640 2610 Ὀδυσσεὺς
654 2533 691 2598 ἐν
719 2536 921 2625 δικαστηρίῳ
948 2538 1017 2602 των

55 2639 212 2722 Αχαιών,
227 2630 410 2721 ὑποβαλών
424 2630 528 2702 αὐτοῦ
540 2639 582 2722 τῇ
596 2637 701 2723 σκηνή
715 2632 923 2721 βαρβαρικὸν
935 2663 1015 2726 χρυ-

55 2745 139 2824 σίον,
153 2738 208 2806 καὶ
223 2733 440 2824 ὁσοῳωτατος
453 2741 525 2805 τάν
529 2733 697 2825 Ἑλλήνων
713 2739 838 2815 ἐκεῖνος
846 2733 916 2824 ήλω
931 2763 1013 2826 προ-

55 2845 169 2919 δοσίας
194 2839 281 2932 δόλῳ
300 2842 356 2909 καλ
383 2839 640 2929 στρατηγήματι.
670 2835 768 2909 Ἀλλά
794 2836 835 2907 τά
863 2841 926 2939 μἐν
945 2844 1014 2910 τῶν
1034 2858 1066 2910 13

55 2947 237 3034 τραγῳδῶν
257 2941 355 3031 ίκανή
371 2942 544 3012 διδάσκειν
561 2939 580 3030 ή
599 2941 722 3030 σκηνή·
749 2939 812 3011 ὅσα
832 2941 870 3010 δὲ
889 2941 929 3011 τά
949 2940 1015 3011 άπὸ

55 3050 111 3133 τής
125 3050 269 3132 ἱστορίας
286 3053 384 3135 ἔργα,
402 3052 601 3133 στρατηγίας
615 3051 732 3132 ἔχοντα
747 3040 831 3113 κατὰ
844 3050 1015 3133 πολεμίων

55 3143 74 3235 ἢ
103 3144 186 3217 κατά
211 3150 344 3235 ἐχθράν
364 3146 645 3237 συνεξελεξάμην,
667 3149 724 3215 καλ
744 3144 786 3233 δή
804 3145 935 3217 τούτων
954 3175 1011 3236 με-

55 3248 236 3339 μνήσομαι,
250 3249 418 3339 σύντομον
429 3248 492 3338 τήν
506 3248 587 3339 παρ’
612 3248 736 3342 ἑκάστῳ
751 3247 884 3337 μνήμην
898 3249 1011 3320 ποιού-

55 3381 163 3442 μενος.
180 3349 272 3422 ’Ἐστι
286 3353 324 3422 δὲ
337 3349 358 3441 ἡ
373 3357 461 3421 πάσα
469 3353 622 3434 σύνταξις
630 3357 745 3439 βιβλία
754 3347 839 3419 ὀκτω
848 3404 857 3438 ,
872 3372 1014 3441 στρατη-

55 3455 212 3544 γημάτων
238 3457 460 3549 ἐννακοσίων,
496 3461 613 3543 ἔχοντα
632 3449 819 3543 τήνίἰρχήν
841 3451 907 3524 άπὸ
929 3465 1011 3524 Διο-

55 3559 170 3629 νύσου.
524 3552 530 3563 ’
