2318 3892
483 177 712 240 TETAPTON.
1019 183 1078 244 159

119 344 239 428 Οὕτως
259 345 301 437 δὴ
325 349 529 437 συνέβαινεν
550 347 609 419 τόν
634 347 772 440 Εὐμένη
791 351 939 422 εἰσιόντα
952 352 1078 437 πάντας
1103 354 1105 357 ’

116 456 270 532 ἐκείνους
289 447 454 541 ἡγεμόνας
467 448 712 541 ἀποδέχεσθαι,
733 454 812 542 μεθ’
830 445 878 524 οἷν
890 453 1078 546 Ἀντιγένης

113 557 173 624 καὶ
191 554 374 644 Τεύταμος,
391 559 426 623 οί
436 557 613 645 στρατηγοὶ
627 561 695 627 των
707 554 981 648 ἀργυρασπίδων,
996 561 1074 648 ε’βά-

114 662 230 743 διζον,
248 662 296 751 τῷ
316 659 379 748 μὲν
400 664 486 752 ἔργῳ
507 656 590 748 πρὸς
603 656 757 749 Εὐμένη,
777 666 828 753 τῆ,
840 660 877 730 δὲ
895 668 974 753 τιμῆ
992 662 1075 753 πρὸς

79 758 341 848 δἈλέξανδρον.

113 926 115 930 1
192 861 346 952 Εὐμένης
375 866 413 933 ἐν
439 867 481 952 τῆ
494 868 639 951 Περσίδι
664 861 741 943 τούς
763 863 963 954 στρατιώτας
984 861 1108 955 όρῶν3

110 962 179 1036 ὑπὸ
199 970 393 1037 Πευκέστου
420 967 746 1054 δημαγωγονμένους
772 978 853 1060 οίνω
875 970 930 1038 καὶ
958 974 1071 1039 διανο-

111 1083 206 1158 μαϊς,
227 1068 388 1149 δεδοικοδς
408 1068 453 1159 μή
468 1068 655 1158 περισπάσῃ
677 1074 788 1140 πᾶσαν
805 1069 868 1159 τῆν
880 1066 1072 1161 ἡγεμονίαν,

112 1170 290 1259 ἐπιστολήν
304 1172 511 1262 προήνεγκεν
533 1167 578 1252 ἀς
596 1169 687 1260 παρὰ
697 1170 855 1262 Ὀρόντου
874 1180 936 1243 τοῦ
949 1173 1070 1265 σατρά-

55 1302 94 1345 ισ
114 1302 181 1345 που
202 1280 260 1363 τῆς
275 1273 446 1364 ’ίρμενίας
468 1277 703 1364 γεγραμμένην
723 1283 863 1365 Συρίοις
890 1277 1071 1367 γράμμασι,

112 1382 283 1466 δηλοῦσαν
298 1375 342 1459 τός
352 1375 542 1467 Ὀλυμπιάς,
559 1381 593 1460 ἐξ
602 1376 760 1468 Ἠπείρου
774 1386 996 1467 κατελθοῦσα,
1011 1379 1071 1451 τὸν

110 1479 189 1551 υίδυ
214 1477 342 1569 ἀγουσα
364 1479 423 1551 τὸν
440 1478 679 1570 Ἀλεξάνδρου,
705 1490 831 1572 κυρίως
854 1490 1071 1564 Μακεδονίας

110 1591 177 1671 ἔχει
184 1582 256 1673 [τὴν
262 1591 438 1671 βασιλείαν
444 1582 693 1671 ἀναιρεθέντος]
703 1585 937 1672 Κασσάνδρου.
950 1595 1068 1656 Μακε-

111 1686 208 1767 δόνες
220 1692 326 1756 ταῦτα
345 1684 547 1766 ἀκούσαντες
562 1689 757 1757 Πευκέστου
776 1688 839 1775 μὲν
852 1688 1068 1774 ἐπελάθοντο,

55 1807 94 1850 ¹⁵
109 1788 171 1877 τήν
185 1789 222 1859 δὲ
233 1786 454 1879 Ἀλεξάνδρου
468 1791 592 1879 μητέρα
606 1791 662 1858 καὶ
681 1787 740 1859 τόν
753 1789 830 1860 υίόν
843 1789 924 1877 μετά
946 1797 1070 1880 πολλῆς

107 1890 232 1982 ἡδονῆς
245 1894 301 1962 καί
316 1897 421 1982 χαράς
432 1891 653 1981 ἀνηγόρευον.

184 1993 340 2084 Εὐμένης
353 2000 390 2066 ἐν
403 2001 443 2084 τῆ
456 2001 600 2085 Περσίδι
613 1992 676 2084 τήν
696 1994 842 2084 δυ’ναμιν
862 1992 971 2084 ἀφῆκε
985 1995 1068 2066 κατά
1082 2007 1103 2058 4

105 2098 233 2193 κιόμας7
253 2097 495 2186 χειμάσουσαν·
532 2095 720 2186 Ἀντίγονος
747 2090 848 2168 τοῦτο
874 2099 1070 2188 πυθόμενος

103 2201 278 2290 ἐπήρχετο.
307 2198 462 2291 Εὐμένης
478 2244 523 2255 —-
543 2201 673 2289 πέμψας
686 2208 728 2251 **
740 2197 897 2290 ἤγγειλεν
911 2200 1003 2294 αὐτῷ
1016 2241 1069 2253 -
1092 2231 1095 2235 ·

59 2317 84 2360 ²⁰
103 2302 185 2384 τούς
215 2300 380 2393 ἡγεμόνας
407 2306 562 2374 ἐκέλευσε
591 2303 736 2391 νύκτωρ
755 2303 838 2392 μετδι
870 2306 939 2373 τῶν
969 2310 1068 2375 ίδίων

102 2411 248 2493 παίδων,
258 2411 327 2497 πῦρ
341 2410 378 2477 ἐν
392 2404 538 2494 ἀγγείοις
552 2411 697 2495 ἔχοντας,
710 2404 751 2475 τά
765 2407 915 2496 μετέωρα
927 2413 986 2496 τῆς
999 2408 1065 2495 χω’-

103 2537 165 2599 ρας
179 2512 236 2579 καλ
249 2507 382 2580 ἀποπτα
395 2508 701 2599 περιιππεύσαντας
714 2511 768 2579 ἐπὶ
786 2508 904 2579 στάδια
925 2511 1067 2600 ἑβδομή·

102 2639 226 2696 κοντα,
241 2612 440 2692 διαστάντας
453 2609 511 2682 ἀπ’
528 2609 683 2701 ἀλλήλων
697 2607 776 2696 ὅσον
798 2610 913 2701 πήχεις
928 2622 1066 2699 εἴκοσιν,

104 2713 196 2804 ὕλην
211 2713 333 2804 ίκανῆν
346 2720 485 2785 καῦσαι·
507 2711 549 2784 τά
562 2715 599 2784 δὲ
614 2711 705 2804 πυρά
718 2721 830 2785 καίειν
849 2713 982 2804 πρώτης
1005 2716 1068 2804 μὲν

55 2835 80 2881 25
104 2823 260 2908 φυλακῆς
275 2823 416 2908 δαψιλῆ,
438 2820 597 2907 δευτέρας
611 2819 647 2886 δὲ
662 2816 802 2903 ἐλάττω,
824 2825 936 2908 τρίτης
957 2818 994 2888 δὲ
1011 2848 1064 2908 μι-

100 2919 168 3008 κρά
181 2920 404 3008 παντάπασιν,
415 2918 568 3010 ὥστετὴν
581 2927 720 3009 μίμησιν
729 2917 876 3011 ἀληθινή
884 2943 1065 3009 στρατοπε·

102 3030 180 3117 δείμ
196 3026 439 3115 προσεοικέναι.
471 3029 583 3093 Ταῦτα
597 3019 740 3110 ὁρωντες
755 3028 788 3092 οί
799 3025 876 3113 περὶ
890 3021 948 3093 τὸν
957 3019 1065 3093 Ἀντί-

99 3155 223 3215 γονον,
245 3126 406 3215 ἐνόμισαν
425 3131 594 3215 συνῆχθαι
612 3130 660 3217 τῷ
673 3123 819 3213 Εὐμένει
836 3123 899 3214 τὴν
920 3125 1065 3213 δύναμιν

98 3228 256 3316 ἅπασαν,
277 3229 334 3301 καί
355 3226 399 3318 μὴ
420 3228 653 3319 θαρρήσαντες
678 3231 837 3298 ἐπελθεῖν
857 3216 964 3317 ἀλλην
984 3226 1065 3300 ὁδόν

55 3356 82 3403 τι
100 3333 300 3422 ἐτράποντο,
319 3329 381 3422 τὴν
400 3329 442 3401 οὐ
462 3333 686 3420 κατεχομένην
707 3327 773 3400 ὑπὸ
794 3335 863 3401 των
883 3340 1063 3420 πολεμίων.
1108 3344 1110 3348 ’

169 3566 238 3634 Cap.
255 3565 282 3622 8.
307 3570 342 3631 λε.
360 3564 386 3618 3.
403 3567 429 3618 4.
465 3563 509 3617 cf.
528 3565 640 3616 eundem
660 3563 708 3625 19,
725 3563 759 3616 23
776 3560 809 3614 et'
824 3563 869 3616 38.
