2318 3892
447 106 678 173 ΔΕΥῚῈΡΟΝ.
1000 112 1039 172 79

10 314 27 353 ε
75 283 188 349 ένδον
203 274 359 368 ἀλληλοις
387 271 605 366 μαχομένων,
639 276 845 368 Κλεοέυυμος
877 286 1040 373 προσθεὶς

10 415 35 457 ι
75 388 239 472 κλίμακας
260 384 364 464 ἐξεῖλε
377 378 439 469 τὴν
459 381 559 452 πόλιν
573 383 629 452 καὶ
646 381 825 471 διήρπασε,
849 386 906 454 καὶ
919 395 1037 475 Σπαρ-

10 523 37 562 η
73 484 192 572 τιάτην
206 480 376 573 ἁρμοστὴν
389 481 470 571 μετά
485 492 636 573 φρουράς
652 488 843 574 ἐπέστησεν.

10 626 45 684 ἶξ
152 587 377 675 Κλεῶνυμος,
398 584 560 656 Ἔδεσσαν
589 593 796 677 πολιορκῶν,
821 592 883 659 τοῦ
909 595 1071 677 τείχουςῖ

10 718 62 781 ,ε
77 690 254 775 πεσόντος,
281 695 350 758 τῶν
369 696 539 778 πολεμίων
564 691 781 762 ἐπελθόντων
800 692 1036 781 σαρισοφόρων

10 811 44 889 53
76 835 123 848 -
136 791 256 881 ἑκάστη
265 790 430 882 δὲοάρισα
439 797 554 881 πηχῶν
568 783 610 881 ἦν
620 793 1036 865 ἑκκαίδεκα-ἐπύκνωσε

10 935 43 988 5,-
72 893 137 983 τὴν
159 891 264 964 αὑτοῦ
286 892 443 984 φάλαγγα
459 898 492 976 ἐς
509 894 632 983 βάθος·
653 893 731 977 τούς
750 895 787 966 δέ
802 897 1036 986 πρωτοστάτας

10 1014 48 1094 '3
72 999 131 1067 καὶ
144 995 222 1077 ταῶς
243 1000 373 1068 τούτων
386 997 562 1079 ἐπιστάτας
575 996 659 1068 άνευ
680 998 832 1089 δοράτων
846 1002 955 1085 ἔταξε,
971 1028 1032 1071 πα-

10 1141 44 1198 q
69 1107 268 1189 ραγγείλας,
284 1096 327 1170 άν
342 1104 549 1189 συμμίξωσιν
564 1107 598 1172 οί
607 1100 843 1193 σαρισοφόροι,
858 1109 1035 1191 διαλαβεῖν

40 1229 50 1270 ι
69 1203 276 1293 άμφοτέραις
290 1220 362 1284 ταῖς
374 1207 467 1292 χερσὶ
479 1203 541 1293 τὴν
555 1204 697 1294 σάρισαν
710 1208 766 1274 καὶ
778 1208 941 1294 κατέχειν,
955 1205 1034 1287 τούς

66 1309 108 1377 δὲ
136 1308 319 1396 ἑπομένους
344 1307 434 1396 παρὰ
459 1307 608 1396 πλευρόν
635 1308 776 1378 ἑκάστου
800 1309 1033 1397 παρελθόντας

63 1414 222 1497 ἐνεργεῖν
239 1408 301 1498 τὴν
323 1409 441 1499 μάχην.
483 1415 529 1479 Οί
538 1411 600 1498 μὲν
613 1410 772 1499 ἐλάβοντο
785 1416 854 1480 τῶν
867 1417 1030 1499 σαρισῶν·

10 1529 23 1587 ie
64 1520 104 1585 οί
112 1512 150 1582 δὲ
161 1510 384 1592 ἀνθέλκοντες
398 1519 560 1601 ἐστησαν·
577 1517 611 1582 οί
624 1513 672 1598 δέ,
686 1511 828 1582 κατόπιν
840 1514 1030 1603 παρελθόν-

10 1625 18 1691 ι
62 1644 135 1701 τες,
151 1612 286 1685 ἀνεῖλον
301 1613 380 1695 τούς
392 1613 656 1703 σαρισοφόρους,
670 1617 726 1683 καί
749 1613 915 1704 άχρηστον
934 1614 1031 1705 ηλέγ-
1099 1623 1101 1626 ’

10 1747 24 1784 ⁵
65 1730 138 1807 χθη
151 1715 188 1786 τό
199 1722 337 1806 σαρίσης
351 1719 494 1804 μέγεθος
506 1722 547 1805 τῇ
561 1717 770 1806 Κλεωνύμου
784 1717 959 1807 δεινότητι.

418 1896 462 1954 3⁰.
480 1899 689 1952 ΚΑΕΑΡΧΟΣ.

148 2023 319 2111 Κλέαρχος
349 2019 595 2113 Ἠρακλεῶτης,
630 2020 815 2112 άκρόπολιν
849 2021 1064 2115 άναστῆσαιι

65 2125 289 2214 βουλόμενος,
313 2124 546 2215 μισθοφόρους
565 2129 725 2210 συνέταξε
746 2127 938 2214 λεληθότως
948 2132 1031 2211 Ιἐξιέ-

66 2258 125 2298 ναι
143 2227 282 2315 νυκτός,
298 2235 522 2315 λωποδυτεῖν,
537 2225 714 2317 ἁρπάζειν,
732 2225 901 2319 ὑβρίζειν,
915 2230 1032 2318 τιτρῶ-

12 2360 26 2394 ›
68 2353 176 2402 σκειν.
201 2330 481 2420 Ἀγανακτοῦντες
502 2337 537 2400 οί
553 2342 685 2401 πολῖται
700 2331 933 2420 παρεκάλεσαν
947 2336 1032 2402 Κλέ-

67 2463 171 2522 αρχον
198 2442 358 2522 βοηθεῖν·
387 2429 464 2504 όδέ
482 2429 545 2503 οὐκ
561 2431 669 2515 άλλως
690 2440 754 2523 έφη
777 2433 924 2503 δυνατὸν
946 2434 1031 2505 εἶναι

67 2537 129 2625 τὴν
145 2535 310 2607 ἀπόνοιαν
324 2533 437 2606 αὐτῶν
454 2552 648 2623 κατασχεῖν,
666 2543 697 2606 εί
712 2535 757 2626 μή
771 2565 820 2617 τις
834 2533 955 2618 αὐτοὺς
970 2564 1028 2608 πε-

67 2646 288 2728 ριτειχίσειεν.
327 2639 630 2730 Συγχωρησάντων
651 2635 906 2731 Ἡρακλεωτῶν,
928 2640 1032 2712 τόπον

66 2749 124 2831 τῆς
139 2743 266 2825 πόλεως
273 2751 506 2833 περιτειχίσας,
514 2740 697 2832 άκρόπολιν
710 2743 961 2824 κατασκευάσας
970 2742 1032 2815 οὐκ

10 2871 43 2910 ν»
71 2849 220 2928 ἐκείνους
233 2848 421 2934 ἐκῶλυσεν,
439 2843 617 2942 άλλάότῶ
631 2845 668 2916 τό
682 2850 805 2929 ἐξεῖναι
818 2846 943 2927 πάντας
958 2844 1030 2916 άδι-

10 2980 11 2983 “
68 2965 142 3020 κεῖν
155 2954 329 3039 παρέσχεν.

146 3056 330 3141 Κλέαρχος,
354 3047 550 3136 Ἡρακλείας
569 3050 752 3139 τύραννος,
778 3053 1064 3140 έλογοποίησεν,ῖ

69 3154 111 3238 ῶς
138 3146 370 3245 ἀπαλλαγῆναι
396 3152 599 3243 βουλόμενος
626 3151 708 3242 μετά
735 3158 804 3221 τῶν
827 3155 1030 3244 δορυφόρων
1151 3160 1155 3170 ’

68 3262 123 3329 καὶ
147 3264 188 3351 τῇ
206 3263 314 3347 βουλῇ
333 3263 401 3326 τῶν
418 3262 619 3348 τριακοσίων
633 3261 845 3343 παραδοῦναι
866 3255 907 3326 τά
921 3259 1028 3345 πράγ-

21 3392 50 3430 ει
68 3391 167 3449 ματα.
194 3367 241 3431 OC
251 3361 288 3431 δέ
298 3365 472 3450 συνῆλθον
493 3363 526 3440 ἐς
546 3358 584 3429 τό
605 3359 847 3448 βουλευτήριον
867 3354 913 3438 ῶς
935 3364 1029 3429 ἐπαι-

66 3466 244 3555 νεσόμενοι
257 3465 432 3552 Κλέαρχον
445 3464 501 3532 καί
525 3461 588 3552 την
602 3466 803 3552 ἐλευθερίαν
817 3460 1030 3550 άπόληφόμε·
