2318 3892
99 199 160 262 220
488 199 674 260 ΒΙΒΛΙΟΝ

99 371 166 441 ιἰπδ
186 377 248 440 τοῦ
269 379 419 460 ποταμοῦ
433 379 595 456 ποτίζειν,
616 377 677 440 τοῦ
694 371 946 462 παρακειμένου
961 370 1034 442 τόπο

101 478 218 555 δασέος
232 473 326 556 ὄντος
335 477 390 544 καὶ
401 474 529 563 πολλήν
537 471 623 561 ὕλην
638 481 779 562 ἔχοντος.
797 479 843 544 Ολ
851 474 1034 544 δδΛακεδα

100 577 220 664 μόνιοι,
233 577 319 647 πολὺ
332 575 370 646 τδ
379 578 505 667 θράσος
516 577 646 657 ἰδόντες
659 582 728 646 τῶν
738 574 1034 665 άποχαλινωσάντω

101 680 178 760 τοὺς
186 686 309 760 ἵππους
323 682 378 748 καὶ
390 684 485 767 (τῶν)
501 679 714 766 ποτιζόντων,
728 675 961 750 ὑπώπτευσαν
975 682 1034 750 ἐντ

100 780 165 871 ὕλη
191 784 384 871 συμμάχους
409 789 470 852 τοῦ
493 788 736 869 Φιλοποίμενος
766 779 914 863 πολλοὺς
940 779 1034 853 ἆποκι

101 886 270 974 κράφθαι,
292 889 347 955 καί
368 884 412 975 μή
426 885 649 975 τολμήσαντες
669 890 828 975 διαβῆναι
840 883 901 955 τὸν
917 883 1034 976 ποταρά

100 986 319 1075 ἀνέστρεψαν.

66 1107 84 1159 3
174 1097 385 1180 Φιλοποίμην
393 1094 524 1173 ἐδίδαξε
535 1087 612 1170 τοδς
621 1085 773 1177 Ἀχαιοὺς
783 1085 856 1158 άντλ
864 1088 1034 1178 μδνθυρει

102 1196 158 1261 καὶ
172 1192 310 1279 δόρατος
318 1191 443 1263 άσπίδα
456 1195 513 1261 καί
528 1193 670 1277 σάρισαν
679 1199 807 1279 λαβεῖν,
815 1190 958 1280 κράνεσι
967 1191 1034 1261 δδκ

102 1295 231 1382 θώραξι
250 1297 307 1363 καὶ
329 1294 757 1391 προκνημίσιιφράξασθαι,
780 1293 927 1383 μόνιμον
953 1294 992 1364 δὲ
1012 1321 1034 1362 κι

101 1406 289 1487 βεβηκυῖαν
302 1397 410 1486 μάχην
424 1395 541 1467 άσκείν
554 1394 628 1465 άντὶ
650 1402 809 1486 δρομικῆς
821 1399 878 1466 καὶ
892 1406 1034 1467 πελταστ

102 1507 173 1589 κής,
188 1500 318 1588 τρυφάς
333 1503 370 1570 δὲ
384 1503 440 1570 καὶ
451 1505 666 1578 πολυτελείας
676 1498 830 1590 ἐσθήτων
843 1501 902 1569 καί
917 1506 1034 1570 δείπνο

102 1601 252 1692 ἀφελεῖν,
261 1603 375 1691 μόνοις
390 1604 508 1683 δὲτοῖς
522 1600 717 1690 ἀναγκαίοις
731 1606 769 1672 ἐν
782 1609 940 1694 στρατείᾳ
953 1622 1034 1692 χρησ

103 1734 177 1794 μοις
190 1704 379 1796 άρκείσθαι.
429 1711 541 1779 Ταῦτα
555 1705 692 1786 διδάξας
706 1710 919 1793 Φιλοποίμην
938 1708 977 1776 ἐν
997 1732 1033 1774 το

103 1817 273 1889 πλείσταις
283 1808 400 1897 μάχαις
411 1805 671 1896 εὐδοκιμοῦντας
687 1806 754 1895 εἶχε
767 1804 845 1886 τούς
855 1804 1034 1897 στρατιάτο

424 2010 431 2019 ’
480 1987 505 2040 5.
524 1988 682 2044 ΑΡΑΤΟΣ.

169 2111 307 2239 ’Ἄρατος
326 2111 508 2199 ἐκράτησεν
524 2108 789 2201 Ἀκροκορίνθου
803 2109 961 2200 φρουράν
974 2117 1034 2201 ἔχοι

104 2245 175 2302 τος,
201 2213 245 2306 ήν
266 2217 506 2340 ἐγκατέστηρεν
524 2211 712 2303 Ἀντίγονος
738 2213 875 2302 φύλακα
894 2215 1034 2297 τάξαςίι

106 2317 211 2388 αὐτοῦ
230 2328 401 2408 Περσαῖον
426 2316 487 2386 τὸν
507 2317 695 2405 φιλόσοφον
728 2319 784 2387 καὶ
799 2314 1034 2405 Ἀρχέλαον
1008 2344 1034 2386 τι

105 2421 300 2510 στρατηγόν.
323 2411 384 2490 Ἦν
399 2418 471 2490 w
450 2449 514 2507 αρα
528 2419 565 2489 τδ
579 2419 792 2509 στρατήγημα
809 2419 951 2490 τοιάνδε.
962 2411 1034 2490 Ἦσι

105 2529 143 2594 ἐν
155 2532 318 2616 Κορίνθῳ
331 2527 487 2612 τέσσαρες
499 2519 641 2647 άδελιμοὶ
655 2522 763 2649 Σήροι
777 2550 814 2592 πο
803 2513 987 2611 Μγένος
934 2574 944 2610 ,
960 2549 1034 2593 ωνε

104 2619 148 2716 ήν
168 2633 315 2715 Διοκλῆς
346 2632 414 2697 τῶν
441 2624 686 2716 φρουρούντων
703 2622 977 2715 Ἀκροκόρινθον.
1026 2640 1034 2692 λ

31 2757 36 2765 ·
105 2745 194 2818 τρεῖς
207 2734 388 2811 κλέψαντες
405 2727 581 2816 βασιλικὸν
600 2734 739 2815 χρυσίον
753 2719 836 2818 ήκον
855 2725 889 2808 ἒς
906 2733 1034 2797 Σικυοὸι

107 2831 189 2920 πρὸς
202 2837 326 2902 Αίσίαν
344 2838 558 2919 τραπεζίτην,
578 2820 604 2924 ᾧ
625 2828 826 2918 καὶ’Ἁρατος
848 2828 905 2900 διά
925 2829 990 2919 τήν
1008 2858 1034 2899 τι

106 2942 306 3025 νομίσματος
315 2930 475 3022 ἐργασίαν
486 2931 612 3021 ἐχρῆτο·
623 2935 704 3017 [καὶ]
714 2932 918 3027 παράτούτμ
930 2931 971 3003 τὸ
984 2961 1034 3021 χρι

107 3047 181 3108 σίον
203 3037 442 3126 κατήλλασσον.
483 3032 545 3117 Εἷς
569 3033 680 3106 αὐτῶν
701 3034 868 3124 Ἐργῖνος,
889 3036 1034 3106 πλεονάκ

107 3148 235 3228 φοιτῶν
243 3144 299 3210 καὶ
311 3146 359 3235 τῷ
371 3146 547 3230 τραπεζίτῃ
561 3138 767 3228 κοινωνήσας
777 3141 885 3219 ἑστίας
899 3141 1034 3210 καὶσποτ

107 3250 193 3331 δάν,
228 3244 331 3330 λόγου
363 3242 614 3332 παραπεσόντος
642 3243 718 3331 περὶ
744 3248 802 3332 της
830 3248 984 3332 φρουράς
1008 3271 1034 3312 τι

176 3509 242 3575 Cap.
263 3513 288 3559 4.
326 3511 351 3572 §-
372 3509 397 3560 3.
434 3509 477 3560 Ex
494 3507 567 3561 Plut,
586 3506 756 3574 Philopoem.
775 3508 802 3561 9.

175 3579 242 3644 Cap.
262 3577 288 3632 5.
325 3580 368 3629 Ex
384 3576 457 3630 Plnt.
476 3578 562 3629 Arato
580 3578 613 3630 18
631 3593 692 3644 sqq.
