2318 3892
446 216 671 281 TETAPYON.
977 217 1034 280 131

10 410 19 443 ῑ
73 400 175 458 σθαι·
197 383 401 478 ἡττηθέντες
421 387 484 476 μὲν
502 387 568 478 γάρ
587 386 652 460 οάκ
671 397 720 461 ἐτι
732 394 802 460 τόν
814 389 1037 482 σκευοφόρων

10 528 25 539 ·-
73 492 253 580 χρῄζομεν,
275 490 473 579 νικήσαντες
493 493 533 563 δὲ
546 494 604 562 καί
623 491 664 563 τά
684 489 829 582 ήμέτερα
841 495 897 563 καί
910 491 952 564 τά
965 500 1035 564 τόν

73 601 245 683 πολεμίων
258 597 387 681 ἕξομεν.
395 589 413 617 ”

10 716 19 753 -·
144 695 360 783 Ἀλέξανδρος
379 694 539 784 ἐκράτησε
557 701 616 783 τῆς
625 692 747 777 Ἀσίας.
780 701 826 766 Οί
836 697 1034 778 Μακεδόνες
1051 718 1068 771 7

10 820 51 866 ἵε
72 791 161 887 ἦσαν
182 801 343 884 ἐπαχθεῖς
364 795 530 892 αὐτῷκαὶ
552 804 684 887 βαρεῖς,
711 800 768 867 καί
787 797 897 867 πάντα
916 805 1035 886 σφίσιν

71 899 188 980 αὐτοῖς
201 900 370 986 ἐβιάζοντο
386 898 465 989 παρ’
482 897 589 969 αὐτοῦ
601 906 789 987 γίγνεσθαι.
813 895 849 969 ‘0
863 900 901 970 δέ
912 904 1033 990 προσέ-

70 1007 173 1084 ταξεν
204 998 448 1091 ὁπλισαμένους
474 1008 547 1093 ίδίᾳ
569 1008 688 1092 στῆναι
712 999 792 1082 τούς
819 1003 1033 1090 Μακεδόνας,

73 1111 123 1184 είς
145 1105 182 1174 δὲ
203 1102 403 1175 τούναντίον
422 1101 500 1185 τούς
512 1106 656 1192 Πέρσας.
686 1103 777 1174 Ἐπεί
789 1104 828 1176 δὲ
843 1097 1032 1194 διέστησαν,

64 1205 308 1290 “Ἐπιλέξασδε
327 1213 362 1277 οί
372 1205 597 1288 Μακεδόνες”
614 1215 680 1298 ἔφη
698 1203 762 1278 “όν
777 1207 945 1295 βούλεσθε
964 1213 1033 1279 τῶν

10 1330 54 1378 to
70 1307 263 1399 ἡγεμόνων,
282 1308 349 1397 ἐμά
371 1311 409 1381 δέ
428 1307 594 1400 ἡγήσομαι
613 1316 683 1382 τοῖν
705 1315 861 1399 Περσῶν.
891 1305 956 1381 Ἢν
969 1311 1033 1398 μὲν

68 1413 245 1502 νικήσητε,
273 1412 401 1502 ποιήσοι
429 1413 551 1483 πάντα·
565 1410 627 1483 ὅσα
655 1409 700 1483 άν
725 1412 901 1501 κελεύητε,
928 1409 972 1502 ήν
994 1414 1032 1483 δὲ

67 1512 254 1604 ήττηθήτε,
267 1516 435 1602 μαθόντες
447 1512 498 1584 ότι
511 1515 618 1604 μηδὲν
631 1516 799 1602 δύνασθε,
813 1514 876 1602 τὴν
888 1511 1032 1604 ήσνχίαν

68 1615 199 1705 άγετε.”
252 1616 296 1686 Τό
315 1617 528 1708 στρατήγημα
542 1621 697 1706 ἐξέπληξε
718 1616 795 1698 τοὺς
815 1618 1031 1702 Μακεδόνας,

68 1722 125 1790 καί
144 1725 206 1790 τοῦ
225 1725 346 1791 λοιποῦ
373 1718 457 1812 πρὸς
479 1718 540 1790 τὸν
556 1718 778 1808 Ἁλέξανδρον
795 1721 951 1805 ἐγένοντο
971 1746 1030 1807 με·

10 1836 56 1885 ΙΙ
69 1822 255 1914 τριάτεροι.

10 1944 16 1992 ζ’
141 1923 359 2014 Ἀλέξανδρος
378 1926 417 1994 ἐν
445 1928 488 2013 τῇ
515 1922 631 2014 κράτη
656 1920 838 2011 παρατάξει
858 1947 942 2012 προς
954 1918 1066 2002 τονςὸ

10 2023 241 2153 ’Πέρσμς,“
228 2033 318 2116 ορῶν
332 2028 526 2121 ἐνδιδόντας
538 2024 604 2116 ήδη
616 2024 695 2107 τούς
708 2023 931 2110 Μακεδόνας,
944 2049 1029 2114 παρ-

10 2170 20 2201 ,ι
71 2130 226 2202 ιιιπεόων
246 2125 432 2218 ἀνεβόα·
433 2125 522 2199 Ἔτι
541 2126 628 2213 ἅπαξ
644 2128 884 2217 ἐπανάγωμεν,
908 2126 1031 2213 άνδρες

10 2266 21 2303 ι
71 2230 288 2320 Μακεδόνες,
307 2237 357 2302 ἐτι
370 2259 474 2319 γεννα
476 2238 535 2311 ως
547 2227 667 2316 απαξ
696 2232 764 2301 Καί
782 2229 897 2318 δή,
857 2256 915 2319 της
929 2235 1030 2318 ἐ-μβο

10 2342 127 2426 εΙλής
153 2332 327 2426 εόροίστον
357 2335 555 2422 γενομένης,
588 2337 624 2414 ές
649 2331 766 2421 φυγήν
792 2330 973 2420 ἐτράποντο
1000 2336 1035 2399 ολ

10 2468 29 2506 π
67 2440 252 2528 βάρβαροι.
291 2435 391 2526 Παρὰ
422 2455 584 2505 τοσοντον
614 2431 636 2524 ή
664 2439 743 2523 νίκη
769 2435 931 2520 γενέσθαι
957 2432 1031 2500 τότε

10 2569 29 2607 ιι
67 2545 239 2630 [λέγεταιλ

10 2668 29 2707 τι
136 2641 353 2730 Ἀλέξανδρος
365 2630 410 2728 ἦν
423 2639 462 2709 ἐν
470 2633 589 2716 Ἰνδοῖς
601 2636 658 2705 καί
678 2633 739 2705 τόν
747 2631 916 2724 Ὑδάσπην
928 2658 1028 2703 ποτα·
1048 2652 1065 2706 9

10 2740 27 2807 δ
61 2745 133 2832 μὸν
145 2750 337 2833 διαβαίνειν
354 2748 509 2830 ἔμελλεν·
526 2735 938 2864 ΠῶροςΊνδάνβασιλεάς
952 2739 1042 2807 ἐπέ.

10 2850 46 2907 ¹⁸
62 2875 166 2918 κεινα
199 2873 260 2915 τον
295 2848 447 2933 ποταμοῦ
484 2841 724 2931 παρετάσσετο,
752 2842 809 2911 καί
842 2845 1032 2929 διαβαίνειν

61 2950 238 3023 άδάνατον
264 2938 316 3036 ἦν.
351 2941 617 3032 Ἀλέξανδρος”
594 2972 666 3013 ανω
698 2949 759 3015 τοῦ
791 2948 943 3066 πριαμοῦ
969 2942 1032 3027 τὴν

10 3054 217 3140 δύναμιν
242 3047 534 3171 άντιπαρεξήγεν,
545 3043 643 3116 κάλ’
627 3077 645 3118 ο
669 3043 829 3134 Πάρος’
814 3043 904 3113 άνω·
929 3041 1032 3112 πάλιν

10 3151 280 3240 ’Ἀλέξανδρος
300 3157 363 3221 τοῦ
384 3154 534 3236 ποταμοῦ
550 3148 659 3232 κάτει,
673 3143 761 3216 καλό
779 3151 897 3232 Πάρος
910 3139 1031 3232 ὁμοίως

11 3308 17 3319 ·
63 3259 170 3330 κάτει.
205 3259 312 3325 Τοῦτο
332 3257 462 3426 ἐηίνετο
480 3252 538 3321 καί
564 3249 724 3329 πολλάκις
748 3249 804 3317 καί
832 3249 888 3317 ἐπὶ
907 3245 1031 3328 πολλάς

10 3356 43 3412 '0
66 3359 212 3484 ἡμέρας,
232 3354 317 3427 ὥστε
338 3362 412 3445 οίμ
414 3351 568 3426 ἐνΊνδοί
587 3351 815 3439 κατεγέλασαν
833 3355 890 3440 τής
904 3355 1031 3429 δειλίας

64 3469 137 3535 τῶν
155 3465 327 3550 πολεμίων
348 3460 405 3543 καί
414 3355 728 3545 ὲσυμπαραπλέοντος
753 3447 1009 3538 ἐπαύσαντο,
985 3479 1032 3531 ως

10 3562 132 3638 οὔτε
149 3561 195 3635 όν
215 3589 295 3634 ποτε
315 3563 475 3648 διαβῆναι
488 3557 744 3646 τολμησόνττον,
765 3563 798 3627 οἳ
817 3553 951 3634 ποσάκις
968 3552 1032 3624 οὐκ
