2318 3892
70 155 129 216 194
455 152 639 216 BIBAION

70 331 229 416 ἐξαίφνης
244 333 279 396 ολ
288 322 528 415 Συρακούσιοι.
569 324 722 415 Θόρυβος
735 316 779 415 ἦν
791 329 861 395 τῶν
872 319 1019 411 ’Ᾰδηναί-
1046 365 1051 402 2

27 494 31 503 .
73 459 137 517 ων,
153 429 278 499 ιἰσίτων
293 428 539 518 ἐμβαινόντων·
562 433 595 498 οί
607 429 645 499 δέ
660 427 874 519 ἠριστηκότες
889 423 1020 498 6666-
1046 464 1051 479 =

71 562 171 622 τερον
185 533 385 623 ἐκράτησαν.

391 677 428 733 14.
447 678 712 732 ΘΡΑΣΤΜΗΔΗΣ.

146 789 372 880 Θρασυμήδης
393 787 603 878 Φιλομήλου,
628 794 687 878 τής
707 790 955 880 Πεισιστράτου
968 802 1021 861 δυ·

72 890 192 982 γατρδς
217 894 393 983 ἐρασθείς,
416 890 657 979 πομπεύουσαυ
678 889 785 981 αὐτήν
808 892 1051 993 προσδραμόκ

72 1001 241 1084 ἐφίλησεν.
287 1001 363 1064 Τῶν
387 995 424 1064 δέ
448 991 608 1082 ἀδελφοῖν
630 999 687 1083 τής
708 997 885 1084 παρθένου
910 998 1027 1087 βαρέως
1049 1014 1051 1021 “

72 1099 247 1188 φερόντων
275 1101 332 1166 καί
363 1095 480 1185 δεινήν
506 1095 609 1187 ὕβριν
633 1093 854 1188 ἡγουμένων,
882 1096 1026 1170 5666-

72 1223 226 1290 στρατος,
238 1196 305 1269 “Ec
320 1199 397 1279 τούς
412 1197 624 1287 φιλοῦντας”,
639 1207 716 1289 ἐφη,
728 1197 950 1291 “κολάσομεν,
961 1200 1028 1283 τοδς

72 1307 253 1393 μισοῦντας
278 1309 312 1371 τί
338 1300 562 1391 ’ποιήσομεν;”
589 1303 829 1392 Θρασυμήδης,
849 1307 904 1374 ἐπὶ
926 1314 1028 1396 μεῖζον

72 1407 252 1496 αἰρομένου
267 1411 327 1474 τοῦ
342 1412 478 1495 ἔρωτος,
492 1401 671 1493 ἡλικιώτας
685 1406 891 1496 παραλαβών
906 1408 1028 1498 συμμά-

71 1537 167 1598 χους,-
190 1505 251 1596 τήν
273 1509 378 1599 κόρην
405 1510 459 1579 ἐπὶ
480 1514 520 1597 τῇ
541 1509 696 1598 θαλάσση
718 1517 847 1605 θυσίαν
872 1517 1029 1581 τελοῦσαν

71 1609 384 1703 παρεφόλαξενΟ
357 1611 456 1680 Οί
421 1639 483 1700 μεν
508 1609 549 1699 δή
571 1611 790 1701 σπασάμενοι
799 1610 839 1681 τά
860 1616 961 1703 ξίφη,
979 1613 1029 1684 τόν

72 1706 461 1839 όχλονσκεδάσαντες,ε
447 1714 634 1810 είςσκάφος
653 1712 883 1802 ἐμβαλόντεςέ
884 1745 909 1786 π
913 1713 1027 1807 'Acyt-

72 1846 132 1907 νης
145 1816 320 1941 ἀνήγοντο
349 1811 477 1898 Ἱππίας
492 1813 573 1903 δε,’
558 1840 577 1885 ο
591 1817 817 1907 πρεσβύτερος
831 1846 902 1889 των
915 1829 1025 1891 Πεισι·

72 1919 216 2008 στράτου
231 1928 293 1990 παί
279 1925 374 2003 ίδων,
393 1949 434 1988 τα
422 1918 662 2044 ληστρικά
622 1948 679 2009 της
693 1920 906 2010 θαλάσσης’
885 1930 1027 2014 αναιρόν

72 2025 128 2091 καλ
142 2050 240 2092 τουτο
249 2051 286 2090 το
302 2021 429 2109 σκάφος
445 2021 550 2092 διά
515 2013 792 2113 τηυσπουδήυ
752 2053 809 2149 τής
822 2031 968 2115 εἰρεσίας
978 2056 1024 2097 νο·

72 2132 169 2214 μίσας
181 2124 267 2194 εἶναι
279 2123 541 2248 [ληστρικόν],
505 2153 566 2212 την
576 2122 782 2216 άδελφήν’
740 2126 845 2216 αυτήν
855 2156 893 2198 τε
908 2117 1051 2200 άνεσό-

71 2252 151 2298 σατο
163 2257 218 2298 και
207 2223 713 2318 τουςαρπασανταςσυλλαβων
723 2229 925 2320 ἐπανήγαγε
945 2242 1023 2323 696-
1049 2238 1051 2314 ff

72 2326 222 2460 συμήδης
238 2359 293 2400 και
282 2332 341 2399 oc
352 2338 461 2418 φίλοι,
485 2337 532 2424 τῷ
546 2331 702 2426 τυράννῳ
717 2333 961 2434 παραστάντες,
975 2334 1023 2422 οὐχ
1049 2336 1051 2353 ¹

73 2436 266 2519 λκέτευσαν,
295 2430 379 2502 άλλά
404 2434 493 2523 μάλα
520 2431 683 2522 άνδρείως
702 2442 850 2524 χρῆσθαι
871 2426 1023 2531 αὐτοίςή
1050 2428 1051 2453 ¹

72 2535 227 2623 βούλοιτο
259 2536 371 2629 τρόπῳ
399 2533 688 2662 προόκαλέσαντρ,
726 2537 894 2628 φήσαντες
923 2548 1024 2611 ἔκτοτε

72 2640 225 2708 θανάτου
235 2662 506 2727 καταφρονησαι,
522 2635 620 2708 ὁπότε
629 2637 690 2727 τήν
704 2634 858 2735 ἁρπαγήν
872 2643 1024 2732 ἐβουλεύ-

73 2763 184 2810 σαυτο-
218 2746 475 2829 Πεισίστρατος,
495 2740 774 2830 καταπλαγεὶς
737 2771 801 2832 την
814 2747 1025 2836 γενναιότητα

71 2848 139 2910 τῶν
153 2848 360 2929 νεανίσκων,
380 2843 462 2931 πρὸς
482 2844 589 2931 γάμου
610 2846 750 2927 ἐξέδωκε
769 2850 815 2938 τῷ
837 2853 1025 2945 (νεανίσκῳ)
1049 2916 1051 2941 ,

73 2942 339 3034 Θρασυμήδει
303 2972 365 3033 την
385 2947 571 3070 θυγατέρα
607 2952 712 3014 Τοῦτο
733 2951 874 3036 ποιήσας
896 2946 1026 3022 εὐνοιαν

72 3050 128 3116 καλ
142 3054 261 3172 φιλίαν
275 3046 432 3135 ἐκτήσατο
441 3044 516 3134 παρ’
532 3044 656 3132 αὐτόν,
667 3043 710 3128 ὣς
723 3045 786 3119 οὐκ
800 3050 1027 3144 ἐτιτιλρλινδος,

70 3147 155 3219 ἀλλά
167 3147 307 3239 χρηστός
321 3147 429 3237 πατήρ
444 3151 500 3218 καί
517 3146 693 3238 δημοτικός
705 3158 852 3241 πολίτης.

414 3281 451 3349 ιῗε
469 3282 688 3352 Mamm.

147 3398 331 3494 Μεγακλῆς
351 3403 538 3493 Μεσήνιος,
562 3410 621 3494 τῆς
645 3409 683 3474 ἐν
695 3414 838 3499 Σικελίᾳ
858 3408 1051 3500 Mearm:

64 3504 267 3593 Ἀγαθοκλεῖ
277 3513 323 3600 τῷ
332 3513 579 3599 Συρακουσίων
585 3509 742 3603 τυράννῳ
751 3508 914 3583 τάναντία
926 3512 1029 3605 πράτ-
