<?xml version="1.0" encoding="UTF-8"?>
<!DOCTYPE html PUBLIC "-//W3C//DTD XHTML 1.0 Transitional//EN"
    "http://www.w3.org/TR/xhtml1/DTD/xhtml1-transitional.dtd">
<html xmlns="http://www.w3.org/1999/xhtml" xml:lang="en" lang="en">
 <head>
  <title>
</title>
<meta http-equiv="Content-Type" content="text/html;charset=utf-8" />
  <meta name='ocr-system' content='tesseract 3.04.00' />
  <meta name='ocr-capabilities' content='ocr_page ocr_carea ocr_par ocr_line ocrx_word'/>
</head>
<body>
  <div class='ocr_page' id='page_1' title='image "./polyaenistrateg00polygoog_0368.png"; bbox 0 0 2318 3892; ppageno 0'>
   <div class='ocr_carea' id='block_1_1' title="bbox 453 185 1050 248">
    <p class='ocr_par' dir='ltr' id='par_1_1' title="bbox 453 185 1050 248">
     <span class='ocr_line' id='line_1_1' title="bbox 453 185 1050 248; baseline 0.003 -4"><span class='ocrx_word' id='word_1_1' title='bbox 453 186 678 248; x_wconf 84' lang='grc' dir='ltr'><em>ΕΒΔΟΜΟΝ.</em></span> <span class='ocrx_word' id='word_1_2' title='bbox 989 185 1050 246; x_wconf 81' lang='lat'><strong><em>279</em></strong></span> 
     </span>
    </p>
   </div>
   <div class='ocr_carea' id='block_1_2' title="bbox 87 354 1049 557">
    <p class='ocr_par' dir='ltr' id='par_1_2' title="bbox 87 354 1049 557">
     <span class='ocr_line' id='line_1_2' title="bbox 87 354 1049 453; baseline -0.003 -25"><span class='ocrx_word' id='word_1_3' title='bbox 87 369 239 442; x_wconf 79' lang='grc' dir='ltr'><strong><em>κίσοιντες</em></strong></span> <span class='ocrx_word' id='word_1_4' title='bbox 262 357 325 447; x_wconf 83' lang='grc' dir='ltr'><strong><em>τήν</em></strong></span> <span class='ocrx_word' id='word_1_5' title='bbox 346 356 459 453; x_wconf 83' lang='grc' dir='ltr'><strong><em>χάραν</em></strong></span> <span class='ocrx_word' id='word_1_6' title='bbox 477 354 552 429; x_wconf 82' lang='grc' dir='ltr'><strong><em>άντλ</em></strong></span> <span class='ocrx_word' id='word_1_7' title='bbox 574 360 726 449; x_wconf 80' lang='grc' dir='ltr'><strong><em>Φλέγρας</em></strong></span> <span class='ocrx_word' id='word_1_8' title='bbox 738 357 927 448; x_wconf 88' lang='grc' dir='ltr'><strong><em>Παλλήνην</em></strong></span> <span class='ocrx_word' id='word_1_9' title='bbox 947 377 1049 448; x_wconf 90' lang='grc' dir='ltr'><strong><em>προσ-</em></strong></span> 
     </span>
     <span class='ocr_line' id='line_1_3' title="bbox 87 462 285 557; baseline -0.015 -24"><span class='ocrx_word' id='word_1_10' title='bbox 87 462 285 557; x_wconf 78' lang='grc' dir='ltr'><strong><em>ηνόρενσαν.</em></strong></span> 
     </span>
    </p>
   </div>
   <div class='ocr_carea' id='block_1_3' title="bbox 335 638 724 696">
    <p class='ocr_par' dir='ltr' id='par_1_3' title="bbox 335 638 724 696">
     <span class='ocr_line' id='line_1_4' title="bbox 335 638 724 696; baseline -0.005 -2"><span class='ocrx_word' id='word_1_11' title='bbox 335 656 339 663; x_wconf 91' lang='grc'><strong><em>·</em></strong></span> <span class='ocrx_word' id='word_1_12' title='bbox 407 638 451 696; x_wconf 80' lang='grc'><strong><em>48.</em></strong></span> <span class='ocrx_word' id='word_1_13' title='bbox 470 641 724 694; x_wconf 84' lang='grc' dir='ltr'><strong>ΣΑΛΜΑΤΙΔΕΣ.</strong></span> 
     </span>
    </p>
   </div>
   <div class='ocr_carea' id='block_1_4' title="bbox 54 761 1146 2593">
    <p class='ocr_par' dir='ltr' id='par_1_4' title="bbox 54 761 1146 2593">
     <span class='ocr_line' id='line_1_5' title="bbox 160 761 1048 856; baseline 0.001 -22"><span class='ocrx_word' id='word_1_14' title='bbox 160 765 314 853; x_wconf 75' lang='grc' dir='ltr'><strong><em>Ἀννίβας</em></strong></span> <span class='ocrx_word' id='word_1_15' title='bbox 342 766 379 833; x_wconf 75' lang='grc' dir='ltr'><strong><em>ἐν</em></strong></span> <span class='ocrx_word' id='word_1_16' title='bbox 401 761 528 856; x_wconf 83' lang='grc' dir='ltr'><strong><em>Ἰβηρίηι</em></strong></span> <span class='ocrx_word' id='word_1_17' title='bbox 556 765 655 835; x_wconf 91' lang='grc' dir='ltr'><strong><em>πόλιν</em></strong></span> <span class='ocrx_word' id='word_1_18' title='bbox 682 764 831 854; x_wconf 76' lang='grc' dir='ltr'><em>μεγάλην</em></span> <span class='ocrx_word' id='word_1_19' title='bbox 851 770 1048 853; x_wconf 89' lang='grc' dir='ltr'><strong><em>Σαλματίδα</em></strong></span> 
     </span>
     <span class='ocr_line' id='line_1_6' title="bbox 55 863 1045 957; baseline -0.006 -16"><span class='ocrx_word' id='word_1_20' title='bbox 55 904 67 941; x_wconf 80' lang='grc' dir='ltr'><strong><em>ι</em></strong></span> <span class='ocrx_word' id='word_1_21' title='bbox 85 868 289 957; x_wconf 82' lang='grc' dir='ltr'><strong><em>ἐπολιόρκει·</em></strong></span> <span class='ocrx_word' id='word_1_22' title='bbox 310 868 365 937; x_wconf 83' lang='grc' dir='ltr'><strong><em>καλ</em></strong></span> <span class='ocrx_word' id='word_1_23' title='bbox 386 865 428 957; x_wconf 87' lang='grc' dir='ltr'><strong><em>δή</em></strong></span> <span class='ocrx_word' id='word_1_24' title='bbox 447 867 622 955; x_wconf 76' lang='grc' dir='ltr'><strong><em>συνθήκας</em></strong></span> <span class='ocrx_word' id='word_1_25' title='bbox 643 869 837 957; x_wconf 85' lang='grc' dir='ltr'><strong><em>ἐποιήσατο,</em></strong></span> <span class='ocrx_word' id='word_1_26' title='bbox 858 866 973 955; x_wconf 81' lang='grc' dir='ltr'><strong><em>λαβάν</em></strong></span> <span class='ocrx_word' id='word_1_27' title='bbox 986 863 1045 956; x_wconf 89' lang='grc' dir='ltr'><strong><em>άρ-</em></strong></span> 
     </span>
     <span class='ocr_line' id='line_1_7' title="bbox 83 963 1046 1060; baseline 0 -22"><span class='ocrx_word' id='word_1_28' title='bbox 83 976 207 1058; x_wconf 71' lang='grc' dir='ltr'><strong><em>μυρίον</em></strong></span> <span class='ocrx_word' id='word_1_29' title='bbox 231 969 377 1039; x_wconf 89' lang='grc' dir='ltr'><strong><em>τάλαντα</em></strong></span> <span class='ocrx_word' id='word_1_30' title='bbox 397 969 571 1059; x_wconf 91' lang='grc' dir='ltr'><strong><em>τριακόσια</em></strong></span> <span class='ocrx_word' id='word_1_31' title='bbox 591 971 647 1038; x_wconf 79' lang='grc' dir='ltr'><strong><em>καὶ</em></strong></span> <span class='ocrx_word' id='word_1_32' title='bbox 664 978 878 1060; x_wconf 77' lang='grc' dir='ltr'><strong><em>τριακοσίους</em></strong></span> <span class='ocrx_word' id='word_1_33' title='bbox 891 963 1046 1060; x_wconf 79' lang='grc' dir='ltr'><strong><em>ὁμήρους,</em></strong></span> 
     </span>
     <span class='ocr_line' id='line_1_8' title="bbox 83 1069 1047 1163; baseline 0.001 -22"><span class='ocrx_word' id='word_1_34' title='bbox 83 1069 215 1142; x_wconf 80' lang='grc' dir='ltr'><strong><em>άνείναι</em></strong></span> <span class='ocrx_word' id='word_1_35' title='bbox 241 1071 303 1161; x_wconf 88' lang='grc' dir='ltr'><strong><em>τήν</em></strong></span> <span class='ocrx_word' id='word_1_36' title='bbox 325 1079 533 1163; x_wconf 88' lang='grc' dir='ltr'><strong><em>πολιορκίαν.</em></strong></span> <span class='ocrx_word' id='word_1_37' title='bbox 580 1077 655 1143; x_wconf 76' lang='grc' dir='ltr'><strong><em>Τῶν</em></strong></span> <span class='ocrx_word' id='word_1_38' title='bbox 680 1073 718 1142; x_wconf 69' lang='grc' dir='ltr'><strong><em>δὲ</em></strong></span> <span class='ocrx_word' id='word_1_39' title='bbox 740 1081 966 1163; x_wconf 87' lang='grc' dir='ltr'><strong><em>Σαλματαίων</em></strong></span> <span class='ocrx_word' id='word_1_40' title='bbox 985 1069 1047 1142; x_wconf 86' lang='grc' dir='ltr'><strong><em>οόκ</em></strong></span> 
     </span>
     <span class='ocr_line' id='line_1_9' title="bbox 80 1170 1068 1265; baseline 0 -22"><span class='ocrx_word' id='word_1_41' title='bbox 80 1171 317 1244; x_wconf 75' lang='grc' dir='ltr'><strong><em>ἀποδιδόντων</em></strong></span> <span class='ocrx_word' id='word_1_42' title='bbox 344 1173 383 1242; x_wconf 87' lang='grc' dir='ltr'><strong><em>τά</em></strong></span> <span class='ocrx_word' id='word_1_43' title='bbox 414 1180 636 1262; x_wconf 77' lang='grc' dir='ltr'><strong><em>συγκείμενα,</em></strong></span> <span class='ocrx_word' id='word_1_44' title='bbox 664 1170 820 1264; x_wconf 80' lang='grc' dir='ltr'><strong><em>Ἀννίβας</em></strong></span> <span class='ocrx_word' id='word_1_45' title='bbox 847 1173 1068 1265; x_wconf 76' lang='grc' dir='ltr'><strong><em>ἐπιστρέψας</em></strong></span> 
     </span>
     <span class='ocr_line' id='line_1_10' title="bbox 81 1272 1045 1367; baseline -0.002 -21"><span class='ocrx_word' id='word_1_46' title='bbox 81 1274 235 1364; x_wconf 78' lang='grc' dir='ltr'><strong><em>ἐπαφήκε</em></strong></span> <span class='ocrx_word' id='word_1_47' title='bbox 244 1273 322 1355; x_wconf 82' lang='grc' dir='ltr'><strong><em>τούς</em></strong></span> <span class='ocrx_word' id='word_1_48' title='bbox 335 1276 537 1365; x_wconf 75' lang='grc' dir='ltr'><strong><em>στρατιώτας</em></strong></span> <span class='ocrx_word' id='word_1_49' title='bbox 547 1272 591 1356; x_wconf 80' lang='grc' dir='ltr'><strong><em>άς</em></strong></span> <span class='ocrx_word' id='word_1_50' title='bbox 605 1273 857 1367; x_wconf 78' lang='grc' dir='ltr'><strong><em>ἁρπασομένους</em></strong></span> <span class='ocrx_word' id='word_1_51' title='bbox 867 1275 928 1367; x_wconf 85' lang='grc' dir='ltr'><strong><em>τήν</em></strong></span> <span class='ocrx_word' id='word_1_52' title='bbox 937 1276 1045 1348; x_wconf 88' lang='grc' dir='ltr'><strong><em>πόλιν.</em></strong></span> 
     </span>
     <span class='ocr_line' id='line_1_11' title="bbox 54 1375 1044 1478; baseline 0.002 -32"><span class='ocrx_word' id='word_1_53' title='bbox 54 1375 298 1448; x_wconf 82' lang='grc' dir='ltr'><strong><em>ιἹκετεάουσιν</em></strong></span> <span class='ocrx_word' id='word_1_54' title='bbox 314 1382 348 1448; x_wconf 88' lang='grc' dir='ltr'><strong><em>ολ</em></strong></span> <span class='ocrx_word' id='word_1_55' title='bbox 358 1377 523 1468; x_wconf 91' lang='grc' dir='ltr'><strong><em>βάρβαροι</em></strong></span> <span class='ocrx_word' id='word_1_56' title='bbox 537 1386 751 1478; x_wconf 76' lang='grc' dir='ltr'><strong><em>συγχωρήσαι</em></strong></span> <span class='ocrx_word' id='word_1_57' title='bbox 766 1378 896 1467; x_wconf 78' lang='grc' dir='ltr'><strong><em>αὐτοῖς,</em></strong></span> <span class='ocrx_word' id='word_1_58' title='bbox 916 1377 954 1450; x_wconf 76' lang='grc' dir='ltr'><strong><em>ἓν</em></strong></span> <span class='ocrx_word' id='word_1_59' title='bbox 968 1384 1044 1468; x_wconf 85' lang='grc' dir='ltr'><strong><em>ίμα-</em></strong></span> 
     </span>
     <span class='ocr_line' id='line_1_12' title="bbox 79 1478 1043 1575; baseline 0.002 -25"><span class='ocrx_word' id='word_1_60' title='bbox 79 1487 141 1575; x_wconf 77' lang='grc' dir='ltr'><strong><em>τίῳ</em></strong></span> <span class='ocrx_word' id='word_1_61' title='bbox 161 1479 243 1569; x_wconf 86' lang='grc' dir='ltr'><strong><em>μετά</em></strong></span> <span class='ocrx_word' id='word_1_62' title='bbox 264 1486 332 1550; x_wconf 75' lang='grc' dir='ltr'><strong><em>τῶν</em></strong></span> <span class='ocrx_word' id='word_1_63' title='bbox 346 1486 522 1568; x_wconf 70' lang='grc' dir='ltr'><strong><em>γυναικοῖν</em></strong></span> <span class='ocrx_word' id='word_1_64' title='bbox 543 1478 711 1570; x_wconf 69' lang='grc' dir='ltr'><strong><em>ἐξελθεῖν,</em></strong></span> <span class='ocrx_word' id='word_1_65' title='bbox 735 1481 822 1554; x_wconf 82' lang='grc' dir='ltr'><strong><em>ὅπλα</em></strong></span> <span class='ocrx_word' id='word_1_66' title='bbox 837 1484 875 1553; x_wconf 75' lang='grc' dir='ltr'><strong><em>δὲ</em></strong></span> <span class='ocrx_word' id='word_1_67' title='bbox 890 1485 948 1552; x_wconf 82' lang='grc' dir='ltr'><strong><em>καὶ</em></strong></span> <span class='ocrx_word' id='word_1_68' title='bbox 963 1481 1043 1570; x_wconf 82' lang='grc' dir='ltr'><strong><em>χρή·</em></strong></span> 
     </span>
     <span class='ocr_line' id='line_1_13' title="bbox 79 1580 1044 1672; baseline 0.002 -20"><span class='ocrx_word' id='word_1_69' title='bbox 79 1609 168 1671; x_wconf 88' lang='grc' dir='ltr'><strong><em>ματα</em></strong></span> <span class='ocrx_word' id='word_1_70' title='bbox 190 1587 246 1654; x_wconf 82' lang='grc' dir='ltr'><strong><em>καί</em></strong></span> <span class='ocrx_word' id='word_1_71' title='bbox 274 1580 472 1672; x_wconf 81' lang='grc' dir='ltr'><strong><em>ἀνδράποδα</em></strong></span> <span class='ocrx_word' id='word_1_72' title='bbox 496 1593 705 1655; x_wconf 83' lang='grc' dir='ltr'><strong><em>καταλιπεῖν.</em></strong></span> <span class='ocrx_word' id='word_1_73' title='bbox 744 1591 794 1654; x_wconf 71' lang='lat' dir='ltr'><strong><em>Ac</em></strong></span> <span class='ocrx_word' id='word_1_74' title='bbox 809 1601 984 1672; x_wconf 73' lang='grc' dir='ltr'><strong><em>γυναῖκες,</em></strong></span> <span class='ocrx_word' id='word_1_75' title='bbox 1007 1581 1044 1654; x_wconf 74' lang='grc' dir='ltr'><strong><em>ἐν</em></strong></span> 
     </span>
     <span class='ocr_line' id='line_1_14' title="bbox 79 1684 1042 1775; baseline 0.002 -21"><span class='ocrx_word' id='word_1_76' title='bbox 79 1703 150 1765; x_wconf 81' lang='grc' dir='ltr'><strong><em>τοῖς</em></strong></span> <span class='ocrx_word' id='word_1_77' title='bbox 164 1686 298 1765; x_wconf 77' lang='grc' dir='ltr'><strong><em>κόλποις</em></strong></span> <span class='ocrx_word' id='word_1_78' title='bbox 312 1684 522 1773; x_wconf 83' lang='grc' dir='ltr'><strong><em>κρύπτουσαι</em></strong></span> <span class='ocrx_word' id='word_1_79' title='bbox 536 1689 627 1774; x_wconf 80' lang='grc' dir='ltr'><strong><em>ξίφη,</em></strong></span> <span class='ocrx_word' id='word_1_80' title='bbox 641 1699 709 1766; x_wconf 76' lang='grc' dir='ltr'><strong><em>τοῖς</em></strong></span> <span class='ocrx_word' id='word_1_81' title='bbox 724 1684 868 1772; x_wconf 87' lang='grc' dir='ltr'><strong><em>άνδράσι</em></strong></span> <span class='ocrx_word' id='word_1_82' title='bbox 883 1690 1042 1775; x_wconf 79' lang='grc' dir='ltr'><strong><em>συνεξήλζ-</em></strong></span> 
     </span>
     <span class='ocr_line' id='line_1_15' title="bbox 79 1785 1044 1884; baseline 0.001 -28"><span class='ocrx_word' id='word_1_83' title='bbox 79 1799 158 1857; x_wconf 88' lang='grc' dir='ltr'><strong><em>θον.</em></strong></span> <span class='ocrx_word' id='word_1_84' title='bbox 194 1794 240 1856; x_wconf 81' lang='grc' dir='ltr'><strong><em>Οί</em></strong></span> <span class='ocrx_word' id='word_1_85' title='bbox 256 1786 376 1876; x_wconf 73' lang='grc' dir='ltr'><strong><em>μὲνδή</em></strong></span> <span class='ocrx_word' id='word_1_86' title='bbox 396 1793 456 1855; x_wconf 84' lang='grc' dir='ltr'><strong><em>τοῦ</em></strong></span> <span class='ocrx_word' id='word_1_87' title='bbox 472 1785 611 1876; x_wconf 91' lang='grc' dir='ltr'><strong><em>Ἀννίβα</em></strong></span> <span class='ocrx_word' id='word_1_88' title='bbox 639 1793 838 1876; x_wconf 75' lang='grc' dir='ltr'><strong><em>στρατιῶται</em></strong></span> <span class='ocrx_word' id='word_1_89' title='bbox 863 1787 924 1884; x_wconf 82' lang='grc' dir='ltr'><strong><em>τήν</em></strong></span> <span class='ocrx_word' id='word_1_90' title='bbox 945 1788 1044 1858; x_wconf 90' lang='grc' dir='ltr'><strong><em>πόλιν</em></strong></span> 
     </span>
     <span class='ocr_line' id='line_1_16' title="bbox 55 1886 1105 1982; baseline 0 -23"><span class='ocrx_word' id='word_1_91' title='bbox 55 1913 59 1948; x_wconf 67' lang='grc' dir='ltr'><strong><em>ἰ</em></strong></span> <span class='ocrx_word' id='word_1_92' title='bbox 80 1890 274 1978; x_wconf 80' lang='grc' dir='ltr'><strong><em>διήρπαζον.</em></strong></span> <span class='ocrx_word' id='word_1_93' title='bbox 310 1894 358 1980; x_wconf 80' lang='grc' dir='ltr'><strong><em>Αί</em></strong></span> <span class='ocrx_word' id='word_1_94' title='bbox 376 1890 413 1958; x_wconf 74' lang='grc' dir='ltr'><strong><em>δὲ</em></strong></span> <span class='ocrx_word' id='word_1_95' title='bbox 427 1905 586 1977; x_wconf 75' lang='grc' dir='ltr'><strong><em>γυναῖκες</em></strong></span> <span class='ocrx_word' id='word_1_96' title='bbox 602 1886 804 1979; x_wconf 70' lang='grc' dir='ltr'><strong><em>ἐμβοήσασαι</em></strong></span> <span class='ocrx_word' id='word_1_97' title='bbox 818 1907 886 1973; x_wconf 78' lang='grc' dir='ltr'><strong><em>τοϊς</em></strong></span> <span class='ocrx_word' id='word_1_98' title='bbox 901 1888 1043 1982; x_wconf 77' lang='grc' dir='ltr'><strong><em>ἀνδράσι</em></strong></span> <span class='ocrx_word' id='word_1_99' title='bbox 1096 1907 1105 1922; x_wconf 90' lang='grc'><em>·</em></span> 
     </span>
     <span class='ocr_line' id='line_1_17' title="bbox 79 1990 1043 2083; baseline 0.005 -23"><span class='ocrx_word' id='word_1_100' title='bbox 79 1990 121 2061; x_wconf 89' lang='grc' dir='ltr'><strong><em>τά</em></strong></span> <span class='ocrx_word' id='word_1_101' title='bbox 143 1997 221 2081; x_wconf 82' lang='grc' dir='ltr'><strong><em>ξίφη</em></strong></span> <span class='ocrx_word' id='word_1_102' title='bbox 242 1993 460 2079; x_wconf 83' lang='grc' dir='ltr'><strong><em>παρέδωκαν·</em></strong></span> <span class='ocrx_word' id='word_1_103' title='bbox 482 2000 569 2062; x_wconf 80' lang='grc' dir='ltr'><strong><em>ἔνιαι</em></strong></span> <span class='ocrx_word' id='word_1_104' title='bbox 588 1993 625 2061; x_wconf 72' lang='grc' dir='ltr'><strong><em>δὲ</em></strong></span> <span class='ocrx_word' id='word_1_105' title='bbox 640 1994 696 2061; x_wconf 82' lang='grc' dir='ltr'><strong><em>καὶ</em></strong></span> <span class='ocrx_word' id='word_1_106' title='bbox 715 1990 814 2062; x_wconf 79' lang='grc' dir='ltr'><strong><em>αὐταὶ</em></strong></span> <span class='ocrx_word' id='word_1_107' title='bbox 833 1993 1043 2083; x_wconf 87' lang='grc' dir='ltr'><strong><em>σπασάμεναι</em></strong></span> 
     </span>
     <span class='ocr_line' id='line_1_18' title="bbox 79 2090 1041 2187; baseline 0.004 -23"><span class='ocrx_word' id='word_1_108' title='bbox 79 2093 163 2183; x_wconf 86' lang='grc' dir='ltr'><strong><em>μετά</em></strong></span> <span class='ocrx_word' id='word_1_109' title='bbox 177 2100 245 2163; x_wconf 81' lang='grc' dir='ltr'><strong><em>τεόν</em></strong></span> <span class='ocrx_word' id='word_1_110' title='bbox 258 2092 395 2181; x_wconf 76' lang='grc' dir='ltr'><strong><em>ἀνδρῶν</em></strong></span> <span class='ocrx_word' id='word_1_111' title='bbox 410 2090 572 2182; x_wconf 69' lang='grc' dir='ltr'><strong><em>ἐπέθεντο</em></strong></span> <span class='ocrx_word' id='word_1_112' title='bbox 591 2109 660 2176; x_wconf 77' lang='grc' dir='ltr'><strong><em>τοῖς</em></strong></span> <span class='ocrx_word' id='word_1_113' title='bbox 677 2095 880 2185; x_wconf 87' lang='grc' dir='ltr'><strong><em>διαρπάσασι</em></strong></span> <span class='ocrx_word' id='word_1_114' title='bbox 900 2098 962 2187; x_wconf 88' lang='grc' dir='ltr'><strong><em>τήν</em></strong></span> <span class='ocrx_word' id='word_1_115' title='bbox 980 2096 1041 2168; x_wconf 85' lang='grc' dir='ltr'><strong><em>πό·</em></strong></span> 
     </span>
     <span class='ocr_line' id='line_1_19' title="bbox 77 2194 1042 2287; baseline 0.005 -20"><span class='ocrx_word' id='word_1_116' title='bbox 77 2207 151 2281; x_wconf 85' lang='grc' dir='ltr'><strong><em>λιν,</em></strong></span> <span class='ocrx_word' id='word_1_117' title='bbox 180 2194 263 2265; x_wconf 83' lang='grc' dir='ltr'><strong><em>εόστε</em></strong></span> <span class='ocrx_word' id='word_1_118' title='bbox 282 2194 360 2276; x_wconf 83' lang='grc' dir='ltr'><strong><em>τούς</em></strong></span> <span class='ocrx_word' id='word_1_119' title='bbox 381 2195 443 2284; x_wconf 74' lang='grc' dir='ltr'><strong><em>μὲν</em></strong></span> <span class='ocrx_word' id='word_1_120' title='bbox 463 2199 663 2285; x_wconf 84' lang='grc' dir='ltr'><strong><em>κατέβαλον,</em></strong></span> <span class='ocrx_word' id='word_1_121' title='bbox 689 2195 768 2277; x_wconf 84' lang='grc' dir='ltr'><strong><em>τοός</em></strong></span> <span class='ocrx_word' id='word_1_122' title='bbox 794 2199 832 2267; x_wconf 70' lang='grc' dir='ltr'><strong><em>δὲ</em></strong></span> <span class='ocrx_word' id='word_1_123' title='bbox 861 2197 1042 2287; x_wconf 74' lang='grc' dir='ltr'><strong><em>ἐτρέψαντο</em></strong></span> 
     </span>
     <span class='ocr_line' id='line_1_20' title="bbox 77 2296 1042 2396; baseline 0.005 -28"><span class='ocrx_word' id='word_1_124' title='bbox 77 2301 135 2368; x_wconf 81' lang='grc' dir='ltr'><strong><em>καὶ</em></strong></span> <span class='ocrx_word' id='word_1_125' title='bbox 149 2296 269 2396; x_wconf 87' lang='grc' dir='ltr'><strong><em>άθρόοι</em></strong></span> <span class='ocrx_word' id='word_1_126' title='bbox 279 2301 542 2380; x_wconf 81' lang='grc' dir='ltr'><strong><em>διεξεπαίσαντο.</em></strong></span> <span class='ocrx_word' id='word_1_127' title='bbox 560 2296 726 2387; x_wconf 80' lang='grc' dir='ltr'><strong><em>Ἀννίβας,</em></strong></span> <span class='ocrx_word' id='word_1_128' title='bbox 741 2296 803 2389; x_wconf 83' lang='grc' dir='ltr'><strong><em>τήν</em></strong></span> <span class='ocrx_word' id='word_1_129' title='bbox 816 2297 960 2391; x_wconf 88' lang='grc' dir='ltr'><strong><em>άνδρίαυ</em></strong></span> <span class='ocrx_word' id='word_1_130' title='bbox 973 2308 1042 2374; x_wconf 76' lang='grc' dir='ltr'><strong><em>τῶν</em></strong></span> 
     </span>
     <span class='ocr_line' id='line_1_21' title="bbox 55 2396 1146 2497; baseline 0.007 -27"><span class='ocrx_word' id='word_1_131' title='bbox 55 2444 57 2452; x_wconf 87' lang='grc'><strong><em>·</em></strong></span> <span class='ocrx_word' id='word_1_132' title='bbox 77 2407 253 2489; x_wconf 77' lang='grc' dir='ltr'><strong><em>γυναικῶν</em></strong></span> <span class='ocrx_word' id='word_1_133' title='bbox 266 2396 455 2490; x_wconf 75' lang='grc' dir='ltr'><strong><em>θαυμάσας,</em></strong></span> <span class='ocrx_word' id='word_1_134' title='bbox 465 2398 617 2471; x_wconf 85' lang='grc' dir='ltr'><strong><em>άπέδωκε</em></strong></span> <span class='ocrx_word' id='word_1_135' title='bbox 631 2397 672 2470; x_wconf 87' lang='grc' dir='ltr'><strong><em>δι’</em></strong></span> <span class='ocrx_word' id='word_1_136' title='bbox 683 2399 786 2482; x_wconf 83' lang='grc' dir='ltr'><strong><em>αὐτάς</em></strong></span> <span class='ocrx_word' id='word_1_137' title='bbox 800 2419 868 2486; x_wconf 84' lang='grc' dir='ltr'><strong><em>τοῖς</em></strong></span> <span class='ocrx_word' id='word_1_138' title='bbox 876 2405 1041 2497; x_wconf 88' lang='grc' dir='ltr'><strong><em>άνδράσιν</em></strong></span> <span class='ocrx_word' id='word_1_139' title='bbox 1144 2489 1146 2495; x_wconf 13' lang='lat'><strong>¹</strong></span> 
     </span>
     <span class='ocr_line' id='line_1_22' title="bbox 77 2500 771 2593; baseline 0 -21"><span class='ocrx_word' id='word_1_140' title='bbox 77 2502 192 2573; x_wconf 75' lang='grc' dir='ltr'><strong><em>αὐτῶν</em></strong></span> <span class='ocrx_word' id='word_1_141' title='bbox 206 2503 266 2592; x_wconf 92' lang='grc' dir='ltr'><strong><em>τήν</em></strong></span> <span class='ocrx_word' id='word_1_142' title='bbox 279 2530 315 2574; x_wconf 89' lang='grc' dir='ltr'><strong><em>τε</em></strong></span> <span class='ocrx_word' id='word_1_143' title='bbox 328 2508 474 2593; x_wconf 90' lang='grc' dir='ltr'><strong><em>πατρίδα</em></strong></span> <span class='ocrx_word' id='word_1_144' title='bbox 489 2505 546 2572; x_wconf 83' lang='grc' dir='ltr'><strong><em>καὶ</em></strong></span> <span class='ocrx_word' id='word_1_145' title='bbox 559 2500 599 2571; x_wconf 87' lang='grc' dir='ltr'><strong><em>τά</em></strong></span> <span class='ocrx_word' id='word_1_146' title='bbox 612 2502 771 2592; x_wconf 85' lang='grc' dir='ltr'><strong><em>χρήματα.</em></strong></span> 
     </span>
    </p>
   </div>
   <div class='ocr_carea' id='block_1_5' title="bbox 400 2651 713 2738">
    <p class='ocr_par' dir='ltr' id='par_1_5' title="bbox 400 2651 713 2738">
     <span class='ocr_line' id='line_1_23' title="bbox 400 2651 713 2738; baseline 0 -2"><span class='ocrx_word' id='word_1_147' title='bbox 400 2680 445 2738; x_wconf 79' lang='grc' dir='ltr'><strong><em>4ο,</em></strong></span> <span class='ocrx_word' id='word_1_148' title='bbox 464 2651 713 2737; x_wconf 71' lang='grc' dir='ltr'><strong>ΤΤΡΡΗΝῙΔΕΣ.</strong></span> 
     </span>
    </p>
   </div>
   <div class='ocr_carea' id='block_1_6' title="bbox 56 2805 1038 3102">
    <p class='ocr_par' dir='ltr' id='par_1_6' title="bbox 56 2805 1038 3102">
     <span class='ocr_line' id='line_1_24' title="bbox 161 2805 1038 2898; baseline 0.005 -22"><span class='ocrx_word' id='word_1_149' title='bbox 161 2813 346 2897; x_wconf 76' lang='grc' dir='ltr'><strong><em>Τυρρηνῶν</em></strong></span> <span class='ocrx_word' id='word_1_150' title='bbox 370 2810 406 2876; x_wconf 90' lang='grc' dir='ltr'><strong><em>οί</em></strong></span> <span class='ocrx_word' id='word_1_151' title='bbox 422 2812 561 2896; x_wconf 80' lang='grc' dir='ltr'><strong><em>Λήμνου</em></strong></span> <span class='ocrx_word' id='word_1_152' title='bbox 587 2810 643 2876; x_wconf 80' lang='grc' dir='ltr'><strong><em>καὶ</em></strong></span> <span class='ocrx_word' id='word_1_153' title='bbox 655 2805 794 2898; x_wconf 80' lang='grc' dir='ltr'><strong><em>Ἴμβρον</em></strong></span> <span class='ocrx_word' id='word_1_154' title='bbox 808 2809 1038 2897; x_wconf 83' lang='grc' dir='ltr'><strong><em>κατασχόντες,</em></strong></span> 
     </span>
     <span class='ocr_line' id='line_1_25' title="bbox 79 2907 1038 3000; baseline 0.002 -20"><span class='ocrx_word' id='word_1_155' title='bbox 79 2908 315 2992; x_wconf 77' lang='grc' dir='ltr'><strong><em>ἐξελασθέντες</em></strong></span> <span class='ocrx_word' id='word_1_156' title='bbox 328 2907 388 2979; x_wconf 78' lang='grc' dir='ltr'><strong><em>ὑπ’</em></strong></span> <span class='ocrx_word' id='word_1_157' title='bbox 402 2917 609 2999; x_wconf 85' lang='grc' dir='ltr'><strong><em>Αθηναίωυ,</em></strong></span> <span class='ocrx_word' id='word_1_158' title='bbox 625 2907 658 2990; x_wconf 80' lang='grc' dir='ltr'><strong><em>ές</em></strong></span> <span class='ocrx_word' id='word_1_159' title='bbox 677 2920 844 3000; x_wconf 88' lang='grc' dir='ltr'><strong><em>Ταίναρον</em></strong></span> <span class='ocrx_word' id='word_1_160' title='bbox 858 2912 1038 2998; x_wconf 40' lang='grc' dir='ltr'><strong><em>κατασχόν,</em></strong></span> 
     </span>
     <span class='ocr_line' id='line_1_26' title="bbox 56 3011 1036 3102; baseline 0.002 -21"><span class='ocrx_word' id='word_1_161' title='bbox 56 3051 58 3066; x_wconf 90' lang='lat'><em>·</em></span> <span class='ocrx_word' id='word_1_162' title='bbox 78 3040 133 3093; x_wconf 85' lang='grc' dir='ltr'><strong><em>τες</em></strong></span> <span class='ocrx_word' id='word_1_163' title='bbox 153 3012 379 3102; x_wconf 88' lang='grc' dir='ltr'><strong><em>Σπαρτιάταις</em></strong></span> <span class='ocrx_word' id='word_1_164' title='bbox 398 3014 476 3100; x_wconf 82' lang='grc' dir='ltr'><strong><em>περὶ</em></strong></span> <span class='ocrx_word' id='word_1_165' title='bbox 500 3011 560 3082; x_wconf 88' lang='grc' dir='ltr'><strong><em>τόν</em></strong></span> <span class='ocrx_word' id='word_1_166' title='bbox 572 3011 760 3084; x_wconf 73' lang='grc' dir='ltr'><strong><em>Ελλοιτικόυ</em></strong></span> <span class='ocrx_word' id='word_1_167' title='bbox 774 3013 921 3102; x_wconf 89' lang='grc' dir='ltr'><strong><em>πόλεμον</em></strong></span> <span class='ocrx_word' id='word_1_168' title='bbox 936 3035 1036 3085; x_wconf 85' lang='grc' dir='ltr'><strong><em>σννε·</em></strong></span> 
     </span>
    </p>
   </div>
   <div class='ocr_carea' id='block_1_7' title="bbox 74 3114 1143 3204">
    <p class='ocr_par' dir='ltr' id='par_1_7' title="bbox 74 3114 1143 3204">
     <span class='ocr_line' id='line_1_27' title="bbox 74 3114 1143 3204; baseline 0.002 -20"><span class='ocrx_word' id='word_1_169' title='bbox 74 3117 274 3203; x_wconf 75' lang='grc' dir='ltr'><strong><em>’μαχίσαντο</em></strong></span> <span class='ocrx_word' id='word_1_170' title='bbox 309 3121 486 3194; x_wconf 86' lang='grc' dir='ltr'><strong><em>Πολιτείας</em></strong></span> <span class='ocrx_word' id='word_1_171' title='bbox 500 3115 538 3184; x_wconf 75' lang='grc' dir='ltr'><strong><em>δὲ</em></strong></span> <span class='ocrx_word' id='word_1_172' title='bbox 553 3116 608 3185; x_wconf 85' lang='grc' dir='ltr'><strong><em>καὶ</em></strong></span> <span class='ocrx_word' id='word_1_173' title='bbox 624 3118 800 3204; x_wconf 77' lang='grc' dir='ltr'><strong><em>ἐπιγαμίας</em></strong></span> <span class='ocrx_word' id='word_1_174' title='bbox 809 3115 982 3204; x_wconf 86' lang='grc' dir='ltr'><strong><em>τυχόντες,</em></strong></span> <span class='ocrx_word' id='word_1_175' title='bbox 996 3114 1038 3188; x_wconf 80' lang='grc' dir='ltr'><strong><em>οὐ</em></strong></span> <span class='ocrx_word' id='word_1_176' title='bbox 1140 3173 1143 3177; x_wconf 89' lang='grc'>.</span> 
     </span>
    </p>
   </div>
   <div class='ocr_carea' id='block_1_8' title="bbox 78 3211 1037 3408">
    <p class='ocr_par' dir='ltr' id='par_1_8' title="bbox 78 3211 1037 3408">
     <span class='ocr_line' id='line_1_28' title="bbox 79 3211 1037 3311; baseline 0.003 -24"><span class='ocrx_word' id='word_1_177' title='bbox 79 3215 148 3306; x_wconf 89' lang='grc' dir='ltr'><strong><em>μήν</em></strong></span> <span class='ocrx_word' id='word_1_178' title='bbox 161 3214 263 3305; x_wconf 87' lang='grc' dir='ltr'><strong><em>άρχής</em></strong></span> <span class='ocrx_word' id='word_1_179' title='bbox 283 3215 363 3286; x_wconf 70' lang='grc' dir='ltr'><strong><em>οὐδὲ</em></strong></span> <span class='ocrx_word' id='word_1_180' title='bbox 383 3211 514 3311; x_wconf 56' lang='grc' dir='ltr'><strong><em>βουλήςζ</em></strong></span> <span class='ocrx_word' id='word_1_181' title='bbox 531 3218 749 3306; x_wconf 84' lang='grc' dir='ltr'><strong><em>μετασχόντες</em></strong></span> <span class='ocrx_word' id='word_1_182' title='bbox 762 3215 925 3289; x_wconf 83' lang='grc' dir='ltr'><strong><em>ὑπόνοιαν</em></strong></span> <span class='ocrx_word' id='word_1_183' title='bbox 939 3225 1037 3309; x_wconf 76' lang='grc' dir='ltr'><strong><em>ἔσχον</em></strong></span> 
     </span>
     <span class='ocr_line' id='line_1_29' title="bbox 78 3316 1035 3408; baseline 0.002 -21"><span class='ocrx_word' id='word_1_184' title='bbox 78 3316 123 3398; x_wconf 77' lang='grc' dir='ltr'><strong><em>ὡς</em></strong></span> <span class='ocrx_word' id='word_1_185' title='bbox 142 3327 408 3407; x_wconf 80' lang='grc' dir='ltr'><strong><em>νεωτερίζοντες,</em></strong></span> <span class='ocrx_word' id='word_1_186' title='bbox 431 3320 487 3387; x_wconf 83' lang='grc' dir='ltr'><strong><em>κἀλ</em></strong></span> <span class='ocrx_word' id='word_1_187' title='bbox 511 3322 765 3408; x_wconf 86' lang='grc' dir='ltr'><strong><em>συλληφθέντες</em></strong></span> <span class='ocrx_word' id='word_1_188' title='bbox 789 3317 1035 3392; x_wconf 81' lang='grc' dir='ltr'><strong><em>όπόΛακεδαι·</em></strong></span> 
     </span>
    </p>
   </div>
   <div class='ocr_carea' id='block_1_9' title="bbox 149 3440 720 3634">
    <p class='ocr_par' dir='ltr' id='par_1_9' title="bbox 149 3440 720 3634">
     <span class='ocr_line' id='line_1_30' title="bbox 149 3440 720 3548; baseline 0 -14"><span class='ocrx_word' id='word_1_189' title='bbox 149 3484 217 3548; x_wconf 81' lang='lat' dir='ltr'>Cap.</span> <span class='ocrx_word' id='word_1_190' title='bbox 236 3484 279 3534; x_wconf 79' lang='lat'><strong><em>48.</em></strong></span> <span class='ocrx_word' id='word_1_191' title='bbox 316 3485 358 3534; x_wconf 80' lang='lat' dir='ltr'><strong><em>Ex</em></strong></span> <span class='ocrx_word' id='word_1_192' title='bbox 372 3440 495 3534; x_wconf 59' lang='lat' dir='ltr'><strong>Plutfde</strong></span> <span class='ocrx_word' id='word_1_193' title='bbox 512 3485 578 3536; x_wconf 82' lang='lat' dir='ltr'><strong>virt.</strong></span> <span class='ocrx_word' id='word_1_194' title='bbox 594 3483 659 3537; x_wconf 88' lang='lat' dir='ltr'><strong>mul.</strong></span> <span class='ocrx_word' id='word_1_195' title='bbox 678 3483 720 3534; x_wconf 91' lang='grc'><strong><em>10.</em></strong></span> 
     </span>
     <span class='ocr_line' id='line_1_31' title="bbox 150 3551 703 3634; baseline 0.009 -31"><span class='ocrx_word' id='word_1_196' title='bbox 150 3551 224 3634; x_wconf 51' lang='grc' dir='ltr'><strong><em>(λιιρ.ι</em></strong></span> <span class='ocrx_word' id='word_1_197' title='bbox 234 3553 277 3605; x_wconf 82' lang='grc'><strong><em>49.</em></strong></span> <span class='ocrx_word' id='word_1_198' title='bbox 312 3553 356 3605; x_wconf 78' lang='lat' dir='ltr'><strong><em>Ex</em></strong></span> <span class='ocrx_word' id='word_1_199' title='bbox 372 3551 445 3608; x_wconf 79' lang='lat' dir='ltr'><strong>Plut.</strong></span> <span class='ocrx_word' id='word_1_200' title='bbox 463 3552 496 3606; x_wconf 84' lang='grc' dir='ltr'><strong><em>δε</em></strong></span> <span class='ocrx_word' id='word_1_201' title='bbox 508 3555 574 3610; x_wconf 73' lang='lat' dir='ltr'><strong>yirt.</strong></span> <span class='ocrx_word' id='word_1_202' title='bbox 591 3551 657 3606; x_wconf 88' lang='lat' dir='ltr'><strong>mul.</strong></span> <span class='ocrx_word' id='word_1_203' title='bbox 676 3552 703 3608; x_wconf 89' lang='grc'><strong><em>8.</em></strong></span> 
     </span>
    </p>
   </div>
   <div class='ocr_carea' id='block_1_10' title="bbox 0 0 1164 3892">
    <p class='ocr_par' dir='ltr' id='par_1_10' title="bbox 0 0 1164 3892">
     <span class='ocr_line' id='line_1_32' title="bbox 0 0 1164 3892; baseline 0 2"><span class='ocrx_word' id='word_1_204' title='bbox 0 0 1164 3892; x_wconf 95' lang='lat' dir='ltr'><strong><em> </em></strong></span> 
     </span>
    </p>
   </div>
  </div>
 </body>
</html>
