2318 3892
330 151 333 156 ’
423 189 576 252 κακον.
918 189 982 253 κου

44 363 96 434 άν
127 361 307 452 ἐκβιβάσας
334 370 618 453 τετρακισχιλίους
646 364 914 452 διεγειρομένους
945 369 982 434 ἐκ

43 475 74 558 ᾗς
87 474 204 555 κοίτης
216 469 411 550 κατέκοψεν.
450 472 494 536 Ol
515 466 553 536 δὲ
573 467 683 536 λοιποὶ
702 467 916 553 συνέφευγον
936 475 983 549 είς

43 571 149 660 άχην,
170 566 254 640 ῶστε
269 574 404 640 πολλῶν
419 567 639 659 αἰχμαλώτων
650 566 818 661 κρατήσας
827 566 982 660 ’Λμίλκας

43 674 124 745 άλιν
137 670 359 745 ἀπέπλευσεν.

351 778 368 822 *
636 779 653 820 δ

494 810 511 853 ¹&

372 936 414 991 45.
433 938 625 994 ΣΤΛΟΣΩΝ.

94 1050 264 1116 Συλοσῶν
282 1048 507 1127 Καλλιτέλους
527 1052 671 1134 Σαμίοις
693 1045 870 1133 δημοτικὰς
895 1044 982 1117 εἶναι

43 1153 130 1225 ικῶν
142 1147 324 1238 στρατηγὸς
334 1145 451 1241 ήρέθη·
466 1156 608 1239 Σαμίων
623 1148 659 1218 δὲ
670 1147 908 1235 πολεμούντων
916 1165 984 1229 τοϊς

43 1257 179 1323 ’ἰολεῦσι
193 1253 249 1320 καί
263 1249 324 1341 τήν
339 1252 530 1340 πανήγυριν
545 1249 607 1321 οὐκ
620 1249 772 1339 ἀγόντων
788 1254 825 1322 έν
837 1257 883 1346 τῶ
905 1257 984 1345 ίερῶ

43 1348 194 1445 ήςἯρας,
209 1358 410 1444 πορρωτέρω
425 1360 482 1444 τῆς
496 1354 624 1434 πόλεως
637 1353 726 1439 ὄντι,
742 1361 908 1424 Συλοσῶν
921 1352 984 1424 οὐκ

43 1486 59 1529 ν
72 1463 139 1547 έφη
153 1463 349 1629 στρατηγῶν
362 1456 523 1546 ἀμελῆσαι
536 1463 593 1546 τής
603 1464 650 1538 είς
663 1455 723 1546 τήν
733 1456 818 1526 θεὸν
832 1455 982 1546 εὐσεβεί-

43 1587 72 1647 ς,
95 1556 139 1641 ῶς
161 1589 204 1630 κα
231 1566 358 1648 μᾶλλον
372 1559 545 1648 έκπλήξων
561 1557 639 1639 τούς
660 1566 855 1647 πολεμίους,
878 1566 910 1629 εί
922 1559 984 1648 τήν

43 1660 288 1752 άτριονάγάγοι
302 1664 503 1751 πανήγυριν.
531 1667 576 1731 οί
587 1661 709 1750 Σάμιοι
722 1660 782 1730 τὸν
796 1661 984 1752 στρατηγὸν

43 1768 252 1845 ταιυέσαντες
265 1769 323 1853 τῆς
337 1762 509 1852 εὐσεβείας
524 1765 651 1852 καὶτῆς
665 1761 840 1851 ἀνδρείας,
859 1765 981 1833 ἐλθόν-

43 1894 72 1948 ες
97 1870 151 1939 ἐπὶ
180 1865 217 1936 τδ
237 1862 410 1956 τήςἯρας
433 1865 524 1955 ίερόυ
544 1869 825 1954 έσκηνοποιοῶντο
847 1869 903 1935 καὶ
922 1864 983 1936 ὅσα

43 1975 67 2051 ές
90 1969 283 2058 πανήγυριν
296 1977 512 2040 καθίσταντο.
545 1966 580 2038 ‘0
605 1970 642 2038 δὲ
661 1975 840 2054 Συλοσῶν,
861 1969 982 2051 νυκτδς

43 2071 145 2163 ίςτήυ
166 2071 266 2142 πόλιν
286 2069 453 2142 εἰσελθῶν
476 2074 533 2141 καὶ
555 2069 633 2153 τούς
658 2068 724 2141 άπὸ
744 2075 813 2141 τῶν
834 2072 982 2162 τριήρων
1036 2140 1043 2152 ,

45 2175 141 2257 κάτας
163 2177 373 2262 εἰσκαλέσας,
388 2173 449 2264 τήν
462 2182 604 2264 Σαμίων
621 2169 728 2262 άρχήν
739 2175 908 2263 κατέσχεν.

224 2336 269 2392 λδ.
290 2336 540 2398 ΑΛΕΞΑΝΔΡΟΣ
558 2337 770 2390 (ammon.

89 2447 305 2538 Ἀλέξανδρος
327 2445 490 2529 Θετταλὸς
526 2461 712 2535 ναυμαχεῖν
738 2447 870 2534 μέλλων
897 2454 977 2515 πολ-

43 2567 89 2634 νῑς
119 2550 293 2638 ἐπιβάταις
327 2551 380 2620 ἐπὶ
413 2555 483 2619 τῶν
512 2547 803 2638 καταστρωμάτων
837 2550 979 2618 διέδωκε

43 2653 124 2726 υλλά
137 2658 261 2725 σαυνία
273 2654 330 2724 καί
343 2653 579 2742 παρήγγειλεν,
598 2648 680 2720 ὅταν
693 2648 871 2741 παραβάλῃ
884 2657 978 2736 ναῶς,

43 2765 201 2842 ωντίζειν
220 2756 275 2827 ἐπὶ
295 2753 373 2837 τοὺς
394 2755 535 2841 ναύτας,
556 2759 613 2825 ’ίνα
633 2759 669 2824 οί
691 2762 840 2824 πλεῖστοι
865 2751 979 2825 αὐτῶν

43 2875 142 2953 χρεῖοι
156 2866 336 2948 γίγνοιντο.

321 3020 363 3076 47.
383 3022 671 3099 οΡκΣυΒονλοΣ.

92 3111 335 3224 Θρασύβουλος
366 3137 548 3219 Μιλησίων
581 3127 763 3217 τύραννος,
795 3124 977 3197 Ἀλυάττου

43 3241 276 3328 ιλτορκυῦντος
289 3241 445 3323 Μίλητον
458 3233 514 3302 καὶ
535 3237 620 3326 λιμῶ
640 3229 701 3319 τήν
714 3230 812 3300 πόλιν
825 3229 978 3319 αἱρήσειν

43 3344 210 3424 ίλλοντος,
227 3339 418 3426 πέμψαντος
435 3336 471 3406 δὲ
485 3335 617 3425 κήρυκα
632 3335 709 3423 περὶ
723 3336 901 3419 σπονδῶν,
917 3336 979 3413 ἕως

83 3572 214 3641 Οιχαλῖ,
250 3572 293 3624 Ex
309 3569 413 3624 Herod.
436 3569 466 3632 1,
486 3568 516 3620 11
534 3582 575 3633 sq.
