2318 3892
114 168 173 229 104
509 164 700 225 ΒΙΒΛΙΟΝ
1089 40 1096 269 ι

112 344 216 430 μένου
238 339 294 407 καὶ
318 335 541 426 προελθόντες
560 341 619 424 τῆς
637 335 766 418 πόλεως
784 333 869 406 κατά
887 333 953 426 τὴν
963 334 1068 426 ’χώραν

114 446 277 531 ἐγένοντο.
327 438 515 530 Ἰφικράτης
550 439 635 509 ἰδών
664 437 912 526 ἀσυντάκτους,
955 439 1070 522 νυκτός

115 549 285 637 μέροςτού
298 544 542 634 στρατεύματος
557 547 605 623 είς
623 541 685 630 τὴν
702 541 901 632 Ἀβυθηνών
920 541 1070 632 &mmd-
1098 604 1100 609 .

115 673 193 735 σας,
213 646 292 729 τούς
306 645 430 736 ἀγρούς
444 644 557 717 αύτών
569 645 793 738 καταδραμών
813 644 975 736 ἐκράτησε
994 655 1070 717 πολ·

117 758 187 823 λών
200 750 363 840 σωμάτων
377 752 433 821 καὶ
447 748 635 840 χρημάτων.
932 752 939 779 “
1083 768 1094 807 ⁸

66 863 100 916 45
189 852 376 944 Ἰφικράτης
403 845 446 943 ἦν
472 857 510 923 έν
535 858 707 946 Κορίνθφ.
746 849 953 941 Πυθόμενος
975 847 1074 933 ώςολ

115 955 275 1028 τάναντία
296 957 497 1044 πράττοντες
516 955 747 1044 μισθοφόρους
769 957 806 1025 έκ
825 961 1074 1045 Λακεδαίμονος

117 1061 250 1147 νύκτωρ
277 1063 475 1148 ἐκδέχεσθαι
498 1062 673 1147 μέλλοιεν,
704 1054 840 1146 ἀγείρας
866 1057 945 1138 τούς
973 1054 1074 1129 αύτοό

117 1161 335 1251 στρατιώτας,
362 1160 439 1242 τούς
464 1161 527 1250 μὲν
552 1163 729 1231 κατέλιπεν
755 1166 857 1231 ἔνδον
876 1161 1072 1250 φυλάττειν·

117 1265 195 1347 τούς
210 1266 248 1335 δὲ
264 1262 387 1344 ἄλλους
406 1267 469 1346 ἔξω
487 1269 605 1334 πυλών
618 1261 756 1352 άγαγών
771 1265 828 1333 καί
850 1267 885 1344 ές
899 1263 1007 1349 τάξιν7
1019 1291 1072 1334 xa·

117 1367 295 1457 ταστήσας,
310 1375 474 1438 ἔσπευσεν
487 1364 543 1437 ἐπ’
558 1370 692 1456 ἐκείνην
703 1365 765 1456 τὴν
778 1367 909 1456 πύλην,
926 1364 1072 1458 ἢνιῆνοι-

118 1477 179 1556 ξαν
198 1477 232 1542 ολ
246 1470 420 1560 δεχόμενοι
433 1469 511 1551 τούς
523 1480 712 1559 πολεμίους.
750 1474 797 1540 Οί
806 1470 869 1560 μὶν
879 1469 961 1554 τούς
979 1479 1071 1543 πολε·

118 1583 216 1665 μίους
236 1577 373 1664 έσῆγον·
401 1579 470 1644 τών
484 1570 516 1643 θ’
541 1575 689 1662 έσχάτων
714 1572 892 1659 ἐσιόντων,
919 1577 1074 1664 ἐξαίφνης

118 1675 252 1759 έπιστάς
262 1676 562 1776 συνηκολούθησεν
574 1675 688 1757 αὐτοῖς
701 1677 757 1745 καὶ
770 1673 959 1748 συνέπεσεν
971 1683 1008 1759 ές
1020 1614 1100 1847 τὴν]

118 1782 228 1851 πόλιν.
251 1778 393 1870 Ἀὃήλου
408 1780 445 1849 δὲ
459 1777 555 1860 όντος
568 1786 629 1849 τού
646 1778 837 1867 γεγονότος,
857 1774 904 1862 ύς
916 1783 957 1851 έν
968 1782 1074 1867 υυιιτλ,

118 1881 263 1965 πολλούς
276 1885 339 1972 μὲν
351 1879 465 1952 αύτώυ
479 1884 693 1969 διέφθειρεν,
704 1878 829 1970 ἡμέρας
846 1883 885 1953 δὲ
897 1887 1077 1973 γενομένης

119 1985 264 2066 πολλούς
278 1990 310 2066 ές
323 1984 364 2055 τά
378 1983 452 2073 ίερόι
462 1983 632 2073 φυγόντας
646 1983 853 2078 ἐχειρώσατο.
921 2046 924 2050 ,

68 2100 103 2156 46
190 2087 378 2178 Ἰφικράτης
396 2091 430 2168 ἐς
444 2087 582 2180 Θρᾴκην
600 2086 745 2176 ιἰναβάς,
766 2086 849 2177 μετά
867 2093 1079 2176 στρατιωτῶν

117 2191 372 2281 ὀκτακισχιλίων
385 2193 699 2279 ἐστρατοπέδευσεν·
706 2190 896 2280 πυθόμενος
903 2188 985 2272 τούς
993 2195 1080 2282 Θρᾷ-

119 2324 180 2377 κας
205 2295 339 2384 νύκτωρ
367 2299 582 2365 ἐπιτίθεσθαι
611 2297 763 2383 μέλλειν,
796 2292 980 2383 ἀναλαβών
1006 2291 1100 2374 τοόςλ

120 2398 323 2488 στρατιώτας
344 2395 557 2486 ἀνεχώρησεν
578 2399 736 2486 ἑσπέρας,
760 2393 842 2467 ὅσον
860 2397 982 2469 στάδια
996 2404 1081 2484 τρία,

121 2506 155 2584 ἐς
182 2500 340 2592 φάραγγα
365 2500 493 2588 κρύψαι
516 2504 718 2590 δυναμένην.
761 2505 807 2570 OC
830 2506 960 2593 Θρᾷκες
981 2503 1082 2590 έμπε·

121 2606 236 2684 σόντες
246 2607 279 2684 ές
291 2603 329 2672 τό
337 2603 566 2693 στρατόπεδον
579 2611 713 2693 ἔρημον,
729 2603 910 2692 διήρπαζον
924 2600 1084 2689 άτάκτως,

121 2711 370 2793 καταγελώντες
383 2710 453 2775 τών
461 2703 630 2793 Ἑλλήνων
644 2703 688 2785 ώς
701 2706 912 2795 φευγόντων.
935 2703 1083 2797 Ἰφικρά·

120 2837 179 2898 της
199 2809 237 2878 δὲ
256 2810 289 2891 ἐξ
311 2805 464 2896 άφαυούς
490 2807 687 2898 ἐξορμήσας,
719 2807 863 2889 πολλούς
885 2809 949 2898 μὲν
971 2808 1100 2881 αύτώνῐ

17 2941 19 2944 ’
122 2911 313 2996 ἀπέκτεινε,
328 2908 472 2989 πολλούς
486 2911 523 2980 δέ
536 2913 594 2980 καὶ
608 2910 836 2999 αἰχμαλώτους
849 2918 984 3000 ἔλαβεν.

70 3032 104 3088 47
195 3013 401 3103 Ἰφικράτης,
420 3016 554 3102 μέλλων
574 3009 655 3084 ὁδόν
670 3012 821 3103 άυυὸρον
835 3016 937 3085 δυσίν
947 3011 1086 3104 ἡμέραις

122 3118 347 3207 πορεύεσθαι,
363 3116 567 3206 παρήγγειλε
584 3120 948 3207 ὃειπνοποιησαμένους
963 3116 1085 3198 ὕδατος

122 3227 296 3310 πληρώσαι
322 3219 362 3290 τά
376 3217 513 3308 άγγεία,
533 3222 590 3289 καὶ
605 3217 702 3310 ἡλίου
716 3222 880 3301 θύναντος
901 3217 1010 3310 ἤγαγε
1023 3220 1084 3311 τὴν

123 3324 270 3413 δύναμιν
284 3322 340 3393 διά
353 3323 484 3404 νυκτός.
502 3319 643 3412 Ἡμέρας
654 3325 691 3394 δὲ
704 3325 886 3413 γενομένης
897 3346 1079 3412 κατεστρα-
1094 3345 1100 3387 ¹

120 3429 303 3496 τοπέύευσε
314 3429 370 3496 καὶ
382 3429 561 3517 προσέταξε
575 3438 821 3498 σιτοποιεῖσθαι
832 3432 879 3522 τῷ
894 3422 1082 3516 ύδατιχρη·

122 3531 302 3619 σαμένους,
323 3532 379 3600 καί
399 3532 624 3622 κοιμηθέντας
639 3527 690 3602 δι’
716 3528 841 3622 ἡμέρας
865 3528 1082 3620 δειπνοποιή-
