2318 3892
465 175 695 235 TETAPTON.
1001 177 1060 239 157

100 346 199 428 δόνες
216 343 278 416 οῦκ
291 343 399 425 ἀδεώς
414 345 523 433 εἶχον,
538 343 670 436 ἀπειροι
684 350 747 415 τοῦ
750 343 973 435 ῦρονςῦντες.
996 358 1059 418 Βο-

100 453 179 539 ρέας
192 446 387 538 ἐπίφοροςέ
385 456 535 518 πνευσεν
557 455 606 530 είς
618 477 696 528 τους
718 458 908 575 πολεμίους.
942 452 1059 541 Δημή-

98 581 191 644 τριος
203 558 277 676 πῦρ
291 549 463 640 ἐμβαλών,
481 549 589 641 ἀνῆψε
603 549 664 642 τὴν
677 548 779 640 ῦλην·
796 582 816 642 η
805 549 868 622 δε
882 551 966 641 φλὸξ
979 554 1061 643 μετὰ

98 662 161 727 τοῦ
180 655 368 744 πνεύματος
388 657 443 723 καὶ
464 661 525 723 τοῦ
545 659 678 725 καπνοῦ
698 669 767 736 τοῖς
783 662 1062 744 Λακεδαιμονίοις

67 794 79 831 ε
100 762 308 849 ἐμπεσοῦσα,
330 757 456 837 πάντας
477 755 696 849 ἀπέστρεφεν.
738 764 784 828 Οί
795 756 866 829 δὲ’
846 760 1060 848 αμφὶΔημή-

98 890 195 951 τριου
222 861 459 944 ἐπεξελθόντες
492 866 593 955 θυμῷ
614 863 669 932 καὶ
697 861 823 956 σιδήρῳ
848 867 1059 951 Λακεδαιμο-

99 973 195 1045 νίους
209 968 375 1052 ἐνίκησαν.
573 959 578 965 ’

179 1068 370 1159 Δημήτριος
384 1064 546 1155 ἀνεχώρεε
560 1063 615 1137 διά
630 1071 749 1156 στενῆς
761 1063 860 1137 ὁδοῦ·
885 1071 1057 1157 Σπαρτιά-
1079 1090 1110 1140 10

99 1200 155 1241 ται
165 1169 250 1254 κατὰ,
261 1168 323 1259 τὴν
336 1167 500 1257 οῦραχίαν
510 1169 757 1259 προσβαλόντες
766 1167 911 1249 πολλοῦς
924 1172 1059 1258 ἐτίτρω-

57 1307 81 1347 ιο
101 1297 194 1344 σκον.
226 1269 262 1342 ‘0
278 1273 332 1360 δὲ,
355 1280 482 1361 πλῆθος
503 1268 637 1361 ἀμαξών
652 1273 825 1362 σωρεύσας
839 1270 921 1343 κατά
934 1272 972 1345 τὸ
985 1293 1059 1342 στε-

100 1376 251 1448 νώτατον
267 1382 325 1466 τῆς
339 1381 548 1464 δυσχωρίας,
570 1380 638 1465 πῦρ
653 1379 784 1466 ἐνῆκεν.
818 1381 864 1444 Οί
877 1375 939 1465 μέν
960 1379 1058 1447 πολέ-

99 1509 170 1568 μιοι
188 1477 251 1568 τὴν
270 1477 441 1569 πυρκαίάν
466 1475 686 1568 ὑπερβαίνειν
705 1477 767 1550 οῦκ
786 1477 970 1568 ἠδύναντο·
1000 1474 1058 1576 ἐφ’

100 1581 182 1654 ὅσον
203 1583 241 1652 δὲ
261 1585 441 1670 συνέβαινε
460 1583 732 1671 καταφλέχεσθαι
752 1579 812 1662 τάς
825 1578 966 1669 ἁμάξας,
986 1592 1058 1669 Δη-

99 1685 237 1776 μήτριος
250 1683 431 1774 προλαβών
444 1687 585 1773 ἐξέφυγε
598 1684 675 1766 τοῦς
692 1684 885 1764 διώκοντας.

58 1825 83 1864 ιε
114 1860 117 1867 ,
178 1789 369 1878 Δημήτριος
383 1786 514 1876 κήρυκα
533 1785 614 1875 πρὸς
626 1786 795 1869 Βοιωτούς
815 1787 947 1874 πέμψας
961 1785 1060 1855 πόίε
1080 1809 1110 1859 11

100 1921 165 1983 μον
173 1892 382 1981 ἐπήγγειλεν.
394 1887 430 1958 Ὁ
444 1891 506 1979 μὲν
516 1891 621 1980 κήρυξ
630 1893 667 1959 ἐν
678 1888 865 1983 Ὀρχομενῷ
876 1898 1060 1970 τοῑςΒοιω-

99 1995 235 2084 τάρχαις
247 2001 309 2066 τοῦ
327 1997 474 2083 πολέμου
489 1990 553 2083 τὴν
566 1992 744 2083 ἐπιστολὴν
758 1991 924 2064 ἀνέδωκε·
945 1991 1060 2081 Δημή-

100 2126 192 2183 τριος
207 2097 244 2167 δὲ
263 2100 300 2167 ἐν
313 2103 506 2188 Χαιρωνεία
524 2103 565 2186 τῇ
585 2093 747 2188 ὑστεραία
768 2095 1061 2183 ἐστρατοπέδευσε

100 2199 369 2290 Κατεπλάχησαν
403 2206 437 2270 οί
422 2201 607 2270 ίΒοιωτοὶ
640 2200 788 2289 πόλεμον
814 2197 1063 2287 ἀγγελίόμενον

60 2336 84 2376 ει
101 2301 187 2393 ὁμοῦ
200 2306 256 2373 καὶ
267 2302 426 2393 παρόντα.

180 2407 371 2496 Δημήτριος
384 2404 500 2474 Λύκον
518 2401 668 2493 ποταμὸν
682 2402 842 2488 ὀξύτατον
856 2405 1061 2491 ἐπεραιοῦτο,
1080 2428 1113 2480 12

101 2517 212 2593 πεζοῖς
233 2510 272 2599 μδ
274 2540 295 2579 ν
320 2507 360 2579 οῦ
383 2505 562 2595 διαβατὸν,
588 2511 726 2578 ἱππεῦσι
751 2508 800 2577 δέ.
839 2512 913 2576 Τών
933 2508 1063 2576 ἱππέοιν

100 2609 175 2682 ὅσοι
196 2619 373 2700 μεγίστους
394 2612 450 2683 καὶ
474 2617 728 2698 στερνοβριδείς
746 2615 871 2689 ἵππους
893 2607 1002 2695 είχον,
1030 2609 1064 2687 ἐς
1112 2690 1120 2720 Ι

99 2721 396 2805 τετραφαλαχχίαν
416 2711 552 2793 ἀντίους
565 2718 683 2801 ἔστησε
696 2719 743 2808 τῷ
756 2710 912 2803 ῥεύματι·
936 2710 1065 2790 τούτοις

55 2854 80 2895 25
100 2816 139 2893 τὸ
160 2815 220 2901 ὀξύ
240 2823 301 2887 τοῦ
320 2822 470 2906 ποταμοῦ
492 2815 761 2906 περικλώμενον,
784 2815 889 2908 ῥᾴονα
909 2812 971 2904 τὴν
991 2813 1063 2884 διά-

100 2929 205 3009 βασιν
217 2937 287 3002 τοῖς
301 2929 410 3005 πεζοῖς
424 2921 600 3008 παρέσχεν.

462 3099 488 3153 8.
509 3101 702 3154 ΕΤΜΕΝΗΣ.

181 3223 336 3316 Εῦμένχς
359 3222 425 3296 ῦπό
447 3229 610 3296 Γαλατών
630 3225 804 3308 ἐδιώκετο,
832 3227 894 3292 τοῦ
914 3222 1065 3310 σώματος
1085 3245 1098 3295 l

101 3330 282 3421 ἀρρώστως
305 3337 408 3418 ἔχων,
430 3329 641 3417 κομιζόμενος
660 3331 697 3398 ἐν
716 3323 859 3419 φορείῳ.
896 3331 1065 3413 Βραδεῖαυ

55 3469 84 3509 3ο
103 3435 143 3506 δέ
156 3432 219 3526 τὴν
231 3432 345 3524 φυγὴν
359 3430 559 3520 ποιούμενος
571 3433 627 3500 καί
641 3429 706 3520 ἤδη
720 3427 1065 3516 καταλαμβανόμενος,

101 3536 190 3610 ἰδών
214 3539 252 3607 ἐν
270 3541 311 3627 τῇ
331 3533 467 3629 παρόδφ
488 3533 662 3622 χεώλοφῖιν
685 3533 864 3622 προσέταξε
881 3544 950 3612 τοῖς
970 3538 1066 3621 κομί-
