2318 3892
435 177 660 240 ΕΒΔΟΜΟΝ.
970 181 1033 245 257

65 345 204 435 βόθρου
215 353 337 435 κλίνην
351 354 477 437 έθηκεν
491 346 553 418 οὐκ
567 351 806 440 ἐντεταμένην,
826 348 911 423 άλλά
925 352 1032 442 στρώ-

69 469 154 537 μασι
175 457 339 530 ποικίλοις
357 453 620 541 κεκοσμημένην.
653 461 763 524 Καλεϊ
783 460 972 544 Τηρίβαζον
988 453 1034 536 ὡς

70 551 307 640 διαλεξόμενος
332 551 513 644 άπόρρητα.
561 561 741 643 Τηρίβαζος
768 559 955 645 εἰσέρχεται·
977 559 1035 627 καὶ

67 656 245 739 καθιζάνω
265 656 321 725 καὶ
339 656 395 726 διά
409 663 466 746 τής
480 663 595 745 κλίνης
610 664 657 738 είς
670 656 730 728 τὸν
741 659 872 748 βόθρον
886 661 1033 747 καταφέ-

68 756 1032 851 ρεται,καὶσυλληφθελςάναπέμπεταιβασιλεσδεδεμένος.

84 906 87 911 -
143 857 298 950 Ὀρόντης
310 858 455 942 ἀποστάς
468 864 621 949 ἐπολέμει
634 878 703 944 τοῖς
716 867 879 951 βασιλέως
891 887 1031 953 στρατη·
1051 883 1068 936 2

65 977 160 1051 γοδς,
183 965 238 1032 καλ
261 962 469 1051 καταφυγών
489 967 543 1033 ἐπὶ
564 965 671 1051 λόφον
690 971 750 1034 τοῦ
771 969 911 1055 Τμώλου
930 966 1032 1054 χαρά-

59 1073 168 1154 ’κωμα
182 1065 408 1154 περιεβάλετο.
441 1071 517 1135 Τών
529 1072 700 1154 πολεμίων
712 1065 1032 1158 άντιστρατοπεδευι

68 1167 221 1253 σάντων,
243 1169 447 1257 παρήγγειλε
466 1184 536 1249 τοῖς
558 1169 774 1256 στρατιώταις
802 1168 949 1258 ὀχυροῦν
969 1171 1031 1259 μά-

74 1278 172 1341 λιστα
191 1268 234 1359 δή
255 1269 293 1340 τό
305 1271 504 1360 χαράκωμα,
523 1273 580 1340 καὶ
595 1269 653 1352 τάς
669 1274 806 1360 ἐφοδίοις
819 1275 876 1341 καλ
890 1271 947 1351 τάς
963 1301 1031 1361 φυ-

71 1370 177 1453 λακάς
193 1382 463 1461 συγκροτοῦντας
474 1371 620 1461 ὁράσθαι
633 1389 703 1454 τοῖς
715 1382 895 1463 πολεμίοις.
923 1373 1034 1455 Αὐτός

73 1475 111 1546 δέ
131 1477 266 1562 νύκτωρ
292 1473 485 1555 ἐπιλέκτους
512 1477 632 1556 ἱππέας
650 1475 765 1565 λαβών
785 1475 953 1566 ἐξώρμησε
978 1474 1034 1546 διά

71 1582 130 1667 τής
144 1574 199 1647 ἐπὶ
213 1576 359 1666 Σάρδεις
381 1576 481 1665 ὁδοῦ,
502 1575 565 1665 τήν
587 1574 714 1665 άγοράν
732 1576 794 1666 τήν
806 1581 1035 1667 ,κομιζομένην
1134 1571 1136 1576 ’

71 1694 142 1760 τοῖς
155 1686 326 1767 πολεμίοις
339 1677 469 1769 ήρπασε
483 1680 538 1747 καὶ
550 1686 645 1748 λείαν
658 1678 785 1767 πολλήν
798 1686 867 1748 τών
882 1685 1033 1766 Σαρδια·

55 1806 58 1843 ἰ
73 1787 145 1852 νών
157 1778 326 1870 ἀπήλασε,
347 1783 402 1850 καὶ
417 1783 549 1870 πέμψας
562 1777 705 1867 άγγελον
718 1795 787 1860 τοῖς
801 1778 838 1878 έν
851 1785 898 1875 τῷ
915 1781 1034 1868 χάρακι

71 1888 177 1954 ταῦτα
196 1884 341 1973 ἐμήνυσε
368 1885 425 1952 καὶ
452 1884 610 1965 συνέταξε
636 1887 694 1971 τ’ής
720 1878 897 1972 δστεραίας
917 1883 1033 1951 ἐπιθέ·

73 1997 156 2058 σθαι
178 2001 246 2066 τοῖς
260 1992 439 2075 πολεμίοις.
475 1990 520 2054 Ol
530 1985 593 2073 μὲν
613 1982 654 2073 δή
667 1991 876 2075 θαρροῦντες
896 1988 1033 2074 ἐπεξήλ-

73 2100 156 2160 θον·
174 2085 331 2177 Ὀρόντης
353 2088 391 2159 δέ
411 2085 495 2157 κατὰ
509 2085 619 2156 νώτου
631 2092 699 2157 τών
712 2094 883 2175 πολεμίων
896 2087 1034 2174 γενόμε-

72 2218 147 2277 νος,
161 2189 241 2271 τούς
253 2190 316 2279 μὲν
325 2188 538 2276 άποκτείνας,
553 2187 631 2269 τοὺς
646 2188 683 2258 δὲ
697 2189 866 2280 ζωγρήσας
878 2186 1036 2277 άσφαλώς

55 2292 310 2382 λάπηλλάττετο.
678 2328 682 2335 ·

145 2393 302 2486 Ὀρόντης
321 2398 359 2465 ἐν
371 2392 472 2481 Κύμῃ
487 2389 691 2480 παρετάξατο
706 2389 954 2482 Αάτοφραδάτη
973 2419 1035 2479 μυ·
1052 2402 1071 2457 3

71 2505 169 2588 ρίους
196 2499 315 2578 ίππέας
341 2503 450 2584 ἔχοντι
458 2501 472 2580 ,’
495 2491 595 2573 αὐτὸς
618 2499 705 2581 ἔχων
730 2501 872 2583 μυρίους
900 2489 1037 2573 ὁπλίτας

62 2597 239 2690 Ἕλληνας.
280 2604 425 2690 Πρώτου
450 2596 513 2684 μὲν
537 2593 579 2684 δή
599 2597 778 2683 προσέταξε
795 2609 864 2675 τοῖς
878 2591 1037 2684 Ἕλλησιν

70 2706 321 2791 ἐπιστραφῆναι
351 2702 407 2770 καλ
434 2704 521 2768 ίδελν
540 2696 577 2766 τό
597 2703 716 2767 πεδίον
736 2695 871 2786 ήλίκον,
891 2698 1035 2786 ἐμφανί-

71 2814 139 2890 ζων
166 2801 212 2885 ώς
224 2801 287 2874 οάκ
300 2801 343 2872 άν
364 2830 414 2882 τις
430 2799 493 2890 τήν
511 2799 605 2883 τάξιν
618 2797 721 2881 λάσας
733 2800 811 2882 τούς
825 2803 944 2879 ἱππέας
962 2805 1036 2869 δια·

71 2905 195 2998 φάγοι*
210 2909 290 2984 ἐπεὶ
313 2907 351 2975 δὲ
370 2903 599 2993 συμβαλόντες
622 2909 764 2992 ἔστησαν
793 2903 1035 2991 πεφραγμένοι,

71 3015 143 3080 τών
157 3012 288 3080 ίππέων
299 3006 363 3098 τήν
377 3007 534 3094 φάλαγγα
545 3011 740 3075 διιππεῦσαι
755 3003 799 3093 μή
816 3005 1038 3091 δυνηθέντων

71 3114 130 3183 καὶ
161 3110 220 3183 διά
245 3116 343 3181 τοῦτο
369 3108 670 3197 ἀποστραφέντων,
701 3105 857 3195 Ὀρόντης
882 3107 1039 3174 ἐκέλευσε

70 3213 152 3298 νοός
160 3211 343 3304 Ἕλληνας,
363 3210 424 3282 έάν
447 3210 552 3281 πάλιν
569 3209 706 3296 ἐπάγειν
723 3211 918 3296 ἐγχειρῶσιν
933 3210 967 3276 ολ
983 3209 997 3274 ί
1023 3245 1037 3256 -

71 3333 165 3405 πεϊς,
181 3323 260 3406 τρία
280 3316 411 3405 βήματα
433 3311 539 3404 μόνον
561 3319 608 3392 είς
628 3310 866 3400 τοῦμπροσθεν
885 3312 1038 3398 ἐμβῆναι.

75 3425 123 3491 Ol
136 3419 201 3510 μέν
214 3417 257 3509 δή
273 3421 452 3507 ἐνέβησαν·
468 3414 503 3485 ο’ί
514 3414 551 3485 δὲ
567 3418 679 3495 ἱππεῖς
691 3418 889 3506 νομίσαντες
902 3409 1040 3496 ἐπάγειν

70 3519 215 3609 τιν’τοάς,
228 3523 442 3601 ἐκκλίναντες
456 3523 613 3607 ἔφευγον.

125 3636 257 3691 romu
276 3644 373 3688 εοεεν.
852 3627 890 3688 17
