2318 3892
504 169 683 230 ΟΓΔΟΟΝ.
1012 169 1073 232 295

106 335 1073 430 mfflfflMQMQmfflmffim

106 449 177 512 νῦν
194 442 416 533 βραδύνειεν,
435 444 491 514 καὶ
512 439 557 525 ὥς
578 444 656 512 δέον
677 442 722 532 μη
742 444 876 514 ἐκλύειν
889 442 995 516 αὐτοῦ
1009 444 1072 535 τὴν

107 543 220 634 άκμὴν
246 551 304 634 τῆς
328 554 524 634 συμμαχίας.
577 552 722 616 Τοιαῦτα
751 546 858 617 είπιδν
882 543 989 639 δρμην
1015 554 1072 619 καί
1140 572 1142 577 ’

107 647 237 738 θάρσος
256 664 325 728 τοῖς
337 645 506 737 Ῥωμαίοις
527 652 739 737 ἐνεποίησεν·
763 655 798 719 οί
811 650 847 719 δὲ
863 648 970 732 εὐθδς
989 647 1069 741 ἡμέ-

63 785 77 823 ε
108 779 175 840 ραν
188 748 334 839 ᾔτησαν,
357 748 442 820 καθ’
457 747 499 840 ἣν
513 756 712 821 διαπλεῦσαι
728 751 900 843 προσήκοι.

181 859 342 923 ΙΣκιπίων
362 853 593 934 κατασκόπους
612 860 856 943 Καρχηδονίων
876 870 965 947 τρεῖς
989 866 1105 928 συλ-8

108 958 317 1045 ληφθέντας,
353 955 459 1044 νόμον
482 952 652 1045 Ῥωμαίων
678 955 874 1037 κελεύοντος
900 964 1071 1047 πολεμίων
1145 949 1148 954 ’

106 1058 339 1138 κατασκόπους
365 1056 596 1147 ἀναιρεῖσθαι,
623 1066 722 1128 τοῦτο
747 1061 809 1149 μὲν
836 1057 898 1129 οὐκ
924 1064 1070 1149 ἐποίησε,

107 1163 288 1251 προσέταξε
303 1157 331 1230 δ’
343 1159 456 1242 αὐτοῖς
469 1170 665 1252 περιελθεῖν
679 1161 740 1251 τὴν
754 1161 914 1252 στρατιάν
927 1161 1069 1234 άπασαν.

70 1285 91 1326 ¹⁰
109 1269 155 1333 Οί
168 1263 208 1333 δδ
229 1264 358 1344 ίδόυτες
373 1260 552 1352 Ῥωμαίους
571 1263 651 1344 τούς
675 1265 738 1354 μὲν
759 1266 962 1354 βάλλοντας,
991 1263 1070 1347 τούς

105 1367 144 1436 δὲ
164 1363 411 1453 άκοντίζοντας,
438 1366 516 1447 τούς
542 1368 581 1436 δὲ
599 1374 777 1456 πηδῶντας
785 1419 795 1454 ,
823 1367 901 1450 τούς
925 1370 961 1439 δὲ
982 1368 1069 1439 ὅπλα

104 1469 398 1554 ἐπισκευάζοντας,
435 1467 512 1548 τοὺς
546 1470 584 1539 δὲ
611 1473 691 1559 ξίφη
724 1467 931 1557 άκουῶντας,
966 1471 1070 1541 πάλιν

101 1569 259 1660 ἤχθησαν
280 1572 335 1640 ἐπὶ
360 1569 419 1640 τὸν
438 1579 626 1640 Σκιπίωνα.
648 1568 684 1639 ‘0
710 1572 747 1640 δὲ
762 1571 842 1652 δοδς
856 1571 992 1662 άριστου
1006 1571 1067 1642 αό·

101 1689 191 1760 τοῖς,
218 1669 520 1760 “Ἀπαγγείλατε”,
549 1669 714 1758 είπευ,“ἁ“
731 1675 899 1744 τεθέασθε
913 1672 995 1761 πρὸς
1009 1674 1068 1744 τόν

60 1795 85 1842 ¹⁵
103 1779 281 1864 πέμψαντα
295 1771 414 1862 ὑμάς.”
443 1781 489 1845 Οί
499 1775 548 1861 δὲ,
564 1773 808 1854 ἐπανελθόντες
821 1781 867 1868 τῷ
884 1803 920 1844 τε
930 1773 1068 1870 Ἀννίβᾳ

101 1881 160 1948 καὶ
180 1892 248 1957 τοϊς
267 1875 380 1958 άλλοις
401 1884 643 1966 Καρχηδονίοις
665 1883 770 1952 ταῦτα
795 1868 1068 1966 ἀπαγγείλαντες,

101 1984 284 2068 ἐξέπληξαν
303 1978 425 2060 αὐτοὺς
446 1983 502 2049 καὶ
517 1986 558 2072 τῇ
567 1977 737 2070 Ῥωμαίων
749 1986 945 2073 παρασκευῇ
958 1984 1014 2051 καὶ
1028 1986 1069 2073 τῇ

101 2091 297 2164 Σκιπίωνος
310 2089 550 2176 μεγαλοψυχία.

465 2246 503 2301 17.
522 2248 698 2300 ΠΟΡΚΙΟΣ.

55 2405 83 2443 νο
182 2369 326 2460 Πόρκιος
347 2370 470 2439 Κάτων
489 2372 649 2458 ἐνέβαλεν
670 2375 716 2449 είς
729 2368 791 2459 την
804 2367 960 2459 Ἰβήρων·
976 2370 1013 2436 ἐκ
1028 2369 1065 2438 δδ

99 2481 171 2544 τῶν
189 2474 321 2542 πόλεων
335 2468 474 2542 ἁπασῶν
488 2461 571 2559 ἧκον
591 2472 813 2560 πρεσβευταί,
834 2477 921 2558 σιγάς
944 2467 1065 2550 αὐτούς

100 2581 339 2664 ἐγχειρίζοντες
360 2572 451 2670 αὐτῷ
470 2601 506 2642 τε
525 2575 580 2643 καὶ
590 2570 769 2661 Ῥωμαίοις.
800 2569 835 2641 ‘0
851 2574 888 2641 δὲ
902 2573 1062 2662 προσέτα·

101 2683 159 2762 ξεν
172 2677 286 2760 αὐτοῖς
300 2674 440 2764 άγαγεῑν
455 2673 563 2766 όμηρα
576 2678 631 2745 έπλ
647 2673 739 2763 όίραυ
754 2671 953 2766 ὡρισμένην.
974 2671 1064 2744 Ἐπεὶ

102 2783 140 2852 δὲ
153 2779 300 2871 ἤγαγον,
316 2779 454 2868 ἑκάστης
472 2778 599 2859 πόλεως
613 2781 713 2848 δυσὶν
728 2775 869 2869 άυδράσι
890 2785 970 2867 μίαν
990 2781 1062 2847 ἐπι-

57 2908 82 2946 25
101 2883 225 2974 στολὴν
252 2891 374 2969 ἔδωκε,
406 2882 566 2962 κελεύσας
587 2874 737 2977 ἅπαντας
760 2880 843 2952 κατά
868 2879 930 2970 τὴν
958 2875 1065 2967 αὐτὴν

100 2984 229 3078 ἡμέραν
245 2985 493 3066 ἐπανελθόντας
505 3001 573 3066 τοῖς
587 2991 737 3064 πολίταις
749 2982 953 3071 ἀναγνῶναι.
974 2977 1064 3050 Ἐπεὶ
1148 2987 1152 2995 ’

99 3091 138 3161 δὲ
166 3092 379 3180 ἐπανῆλθον,
408 3085 604 3174 ἀνέγνωσαν
622 3086 662 3156 τά
681 3084 912 3176 γεγραμμένα,
925 3079 1063 3152 “Kava-

98 3193 251 3276 σκάψατε
278 3190 319 3261 τά
337 3197 428 3278 τείχη
455 3187 632 3278 σήμερον.”
662 3185 800 3277 Ἐκάστη
819 3192 938 3256 τοίνυν
952 3184 1063 3271 πόλις,

97 3295 220 3382 καιρὸν
238 3292 304 3370 οὐκ,
322 3300 444 3381 ἔχουσα
463 3291 545 3380 πρὸς
565 3289 622 3372 τάς
637 3298 780 3380 πλησίον
795 3289 906 3369 πόλεις
921 3291 1061 3376 διαπέμ-

57 3424 81 3465 30
101 3397 252 3483 μασθαι,
274 3395 481 3484 φοβούμενοι
504 3395 540 3464 δὲ
560 3397 692 3464 ἕκαστοι
706 3392 750 3482 μη
768 3398 836 3462 τῶν
849 3389 961 3462 άλλων
976 3385 1062 3458 ὑπα-

98 3514 330 3525 ——-—-—--

136 3584 145 3603 .
170 3544 237 3610 Cap.
256 3543 298 3597 16.
335 3547 361 3608 §-
377 3543 404 3596 8.
435 3542 478 3594 ef.
496 3541 592 3611 Polyb.
613 3542 660 3606 15,
676 3541 701 3592 5.
