2318 3892
418 186 578 246 TPITON.
922 187 978 248 101

45 355 260 447 δνκρημνόν,
291 358 347 428 καὶ
376 372 446 436 τοῖς
466 365 637 446 πολεμίοις
662 365 710 429 ἔτι
737 358 858 439 νυκτὸς
878 357 980 448 ούσης

45 461 224 549 φυλάκτοις
237 461 293 530 καὶ
306 457 352 548 μὴ
361 465 593 548 προσδοκῶσιν
601 464 809 550 ἐπιθέμενος,
816 461 907 543 τινάς
915 463 978 551 μὲν

45 567 213 652 ιε’φθειρε,
227 561 320 643 τινάς
335 563 373 633 δὲ
386 562 583 654 ἐζώγρησεν.

91 666 281 754 Ἰφικράτης
317 672 482 754 χειμώνας
513 669 570 736 καὶ
604 664 753 756 κρυμούς
776 661 869 754 ὁρών
901 693 975 736 και·
994 691 1029 744 34

45 768 84 840 δν
104 773 288 848 ἐπιθέσεως
310 766 473 857 προάγειν
493 769 649 857 ἐβούλετο
670 768 748 850 τούς
766 768 977 856 στρατιώτας.

45 871 90 941 ίιά
111 870 302 960 γυμνάτητα
314 873 370 942 καί
384 871 487 960 κρύος
500 868 542 941 ού
555 873 864 962 προθυμουμένων,
879 869 979 954 αὐτὸς

45 972 121 1055 νδύς
141 973 267 1065 ἐσθῆτα
288 975 434 1064 Ιφαύλην
457 977 514 1045 καὶ
533 981 603 1044 τών
624 972 738 1045 ἀλλων
756 971 978 1065 ἀθλιωτέραν,

46 1105 152 1166 αριιιν
173 1075 230 1158 τάς
249 1077 373 1167 σκηνάς
392 1081 534 1148 ἕκαστον
560 1081 766 1167 ἐπιχειρῆσαι
788 1093 859 1158 τοῖς
878 1088 977 1151 πολε·

45 1187 106 1261 ίοις
138 1181 328 1267 παρεκάλει.
376 1186 421 1251 Οί
450 1181 487 1251 δὲ
518 1182 702 1270 προθύμως
731 1177 978 1271 ἠκολούθησαν,

45 1290 161 1372 ,ιώντες
173 1282 233 1354 τὸν
245 1282 430 1375 στρατηγὸν
439 1291 603 1365 ταπεινώς
614 1282 809 1374 η’σθημίνον
822 1286 878 1356 καί
892 1282 977 1357 ἀνυὲ

44 1387 179 1481 όδητον,
201 1384 287 1478 ὑπὲρ
300 1393 357 1477 της
371 1393 485 1475 κοινῆς
498 1394 663 1477 σωτηρίας
683 1387 977 1477 προθυμούμενον.

90 1487 295 1579 Ἰφικράτης,
314 1497 345 1560 εί
357 1491 421 1579 μὲν
432 1488 477 1578 μὴ
491 1497 558 1578 ἔχοι
572 1489 736 1577 (διδόναι)
749 1490 976 1580 μισθοφοράν,
995 1513 1029 1567 35

45 1621 79 1679 γε
105 1592 184 1674 τούς
201 1593 405 1682 στρατιώτας
433 1599 481 1672 είς
501 1590 640 1681 ἀοίκητα
662 1600 767 1681 χωρία
788 1596 844 1663 καὶ
866 1591 978 1681 ἀκτάς,

45 1725 73 1765 ια
102 1693 255 1782 ἐλάχιστα
283 1692 513 1764 ἆναλίσκοιεν·
545 1701 577 1764 εί
603 1695 640 1764 δὲ
667 1692 827 1783 εύποροίη
852 1697 977 1785 χρημά-

45 1827 87 1866 τν
110 1791 193 1888 ἦγεν
223 1794 347 1878 αὐτούς
370 1801 404 1880 ἐς
428 1797 542 1878 πόλεις
567 1801 623 1867 καί
653 1804 758 1886 χωρία
784 1796 979 1888 εύδαίμονα,
1026 1865 1032 1880 ,

45 1926 104 1970 τον
122 1900 258 1988 τάχιστα
271 1897 330 1971 τὸν
342 1899 467 1989 μισθὸν
488 1898 738 1988 ἀναλώσαντες,
759 1902 979 1986 σπουδάζοιέν

45 2003 224 2092 ιπράττειν
247 2002 305 2073 διά
322 2001 384 2094 την
398 2009 458 2076 τού
471 1997 637 2092 ἀργυρίου
658 2009 804 2076 ἔνδειαν.
840 2003 892 2076 Οά
912 2007 978 2096 μὴν

45 2109 199 2192 τίτρεπεν
212 2104 334 2188 αύτούς
345 2105 428 2178 οὐδὲ
440 2107 629 2195 σχολάζειν,
644 2104 720 2178 ἀλλ’
734 2115 766 2178 εί
777 2107 822 2198 μὴ
836 2108 979 2199 πόλεμος

45 2240 79 2296 ν,
109 2207 164 2280 ἀεί
180 2237 211 2279 τι
232 2213 470 2298 προσέταττεν,
497 2205 518 2298 ἢ
537 2209 691 2298 ὀρύττειν
713 2206 937 2300 ἢταφρεύειν
958 2207 979 2299 ἢ

45 2317 143 2399 ἐνδρα
163 2311 301 2382 κύπτειν
322 2307 344 2401 ἢ
363 2313 585 2401 μεταβάλλειν
603 2308 625 2402 ἦ
644 2314 911 2401 μετασκευάζειν,
934 2310 978 2392 ώς

45 2421 108 2506 ιτῂ
122 2422 223 2506 σχολῇ
236 2423 443 2504 νεωτερίζειν
456 2417 683 2504 βουλομένων.

91 2516 293 2607 Ἰφικράτης,
315 2517 433 2606 Σάμον
454 2517 660 2604 κατασύρας,
682 2523 729 2596 είς
747 2523 863 2606 Δῆλον
880 2518 976 2588 κατέ·
994 2537 1029 2592 36

45 2629 154 2690 λενσε.
189 2620 313 2710 Σάμιοι
330 2623 364 2700 ἐς
386 2627 565 2709 πρεσβείας
584 2616 747 2707 ἀφίκοντο
770 2624 979 2707 λυτροῦσθαι

45 2724 224 2813 ονλάμενοι
237 2723 278 2795 τά
290 2725 483 2812 ληφθέντα·
503 2719 522 2792 δ
536 2724 575 2793 δὲ
587 2718 761 2811 ὁμολογῶν
775 2720 979 2810 ἀποδώσειν,

45 2828 133 2915 ρύφα
146 2824 349 2916 ύπηρετικδν
358 2829 544 2915 ἐκπέμψας,
560 2822 604 2906 ώς
614 2829 647 2908 ἐξ
656 2823 811 2916 Ἀθηνών
824 2829 979 2899 ἐκέλευσε

45 2940 217 3013 αταπλεῑν,
232 2937 366 3020 κομίζον
375 2928 551 3018 ἐπιστολὴν
561 2933 813 3019 πεπλασμένην,
829 2927 978 3017 ώςἈθη-

45 3042 125 3103 κίων
138 3031 241 3104 αύτδν
255 3032 437 3122 ίπανηκειν
453 3032 672 3103 κελευόντων.
700 3028 736 3101 ‘0
750 3032 789 3102 δὲ
804 3030 888 3120 πρὸς
900 3029 979 3112 τούς

45 3145 170 3225 ἶαμίους
184 3135 426 3225 διαλυσάμενος
439 3134 710 3223 φιλανθρώπως,
729 3149 799 3214 τοῖς
819 3135 976 3224 τριηράρ-

45 3269 88 3321 οις
102 3237 282 3328 ἀναγωγὴν
296 3244 537 3328 παραγγείλας,
556 3235 769 3316 ἀποπλεύσας
792 3243 840 3317 είς
852 3238 978 3327 ἐρήμην

45 3348 124 3432 ησον
146 3339 311 3431 ώρμίσατο
332 3340 453 3421 νυκτὸς
471 3343 528 3410 καὶ
540 3336 672 3430 ἡμέρας.
706 3344 749 3409 Οί
761 3341 896 3429 Σάμιοι,
913 3366 976 3410 πν-

46 3447 160 3535 όμενοι
196 3441 240 3526 ώς
255 3487 258 3493 =
271 3442 482 3516 ἀπέπλευσεν
509 3439 696 3532 Ἰφικράτης
727 3441 979 3530 φιλανθρώπως

45 3547 133 3630 ὐτοῖς
145 3548 369 3645 χρησάμενος,
390 3546 522 3621 κατάτε
536 3545 599 3636 τὴν
611 3544 711 3617 πόλιν
723 3543 831 3629 ἀδεώς
856 3549 977 3638 διίτρι·
