2318 3892
437 193 667 256 HEMHTON.
975 192 1034 252 179

10 393 17 427 ι
58 373 143 434 λων
169 359 319 451 ἅσμενοι.
355 362 489 454 Ἐπείδη
516 366 553 435 δέ
582 365 726 454 διελύθη
755 363 793 434 τό
821 371 951 454 πλῆθος
977 367 1035 434 καί

13 494 18 529 1
59 463 147 537 κατ’
172 462 307 555 ὀλίγους
327 474 374 548 είς
393 467 516 549 πολλάς
536 467 689 556 φυλακάς
711 471 887 558 ἐμερίσθη,
914 470 972 538 καί
991 467 1033 557 δη

10 577 18 634 ἰ
58 569 633 661 τότεἐκάστονςτῶνπρεσβυτέρων
646 569 857 658 ἀπομίσθους
866 575 1032 659 ἐποίησεν,

60 670 134 743 οὐκ
158 678 209 742 ἔτι
227 670 291 761 τὴν
317 673 407 763 παρά
429 682 489 743 τοῦ
504 674 655 763 πλήθους
673 678 871 762 ἐπικουρίαν
887 680 1031 760 ἔχοντας.

10 794 38 843 ιι
59 826 67 867 .·
118 804 122 809 ·
149 775 351 860 Διονύσιος,
366 777 570 866 βουλόμενος
588 779 768 847 ἐπιθέσθαι
783 776 878 846 πόλει
892 775 976 844 κατά
985 781 1083 861 1102)

10 904 19 945 ι
60 876 245 949 ’θάλατταν
258 880 314 947 καὶ
328 886 456 964 γνῶναι
481 879 559 959 τούς
580 880 717 961 πιστούς
730 885 799 949 τῶν
811 878 1032 969 τριηράρχου,

10 1012 13 1021 ·
62 978 157 1051 ἀλλά
184 978 251 1068 μην
278 979 358 1051 οὐδὲ
384 987 577 1071 προειδέναι
600 982 677 1052 τινά
704 999 763 1052 ποῖ
785 985 898 1079 μέλλει
925 991 1033 1067 πλεῖν,

10 1110 15 1149 ι
64 1088 207 1171 βιβλίον
238 1081 394 1173 ἀγραφον
432 1087 700 1173 ἐσφραγισμένον
738 1091 867 1155 ἔδωκεν
907 1085 1033 1177 ἐκάστςο

10 1218 13 1253 ε
64 1185 276 1278 τριηράρχφ,
303 1187 507 1277 προστάξας,
536 1186 675 1258 ἐπειδάν
700 1187 917 1276 ἀναχθέντων
944 1185 1036 1276 ἀρθῇ

11 1302 45 1355 b
65 1289 105 1359 τό
121 1303 277 1378 σημεῖον,
292 1291 365 1360 τότε
380 1290 475 1360 λύειν
487 1291 527 1360 τά
540 1298 656 1380 βιβλία
668 1294 725 1361 καὶ
742 1290 913 1385 μαθόντας
926 1294 1034 1359 ἐκεῖσε

10 1444 12 1449 -
65 1401 189 1477 πλεῖν,
210 1387 244 1461 οἷ
264 1393 395 1462 κελεύει
416 1392 456 1463 τά
480 1395 703 1485 γεγραμμένα.
751 1397 796 1462 Os
809 1394 872 1482 μὲν
892 1391 935 1481 δὴ
949 1390 1032 1480 ἀνή-

10 1556 12 1561 .
66 1506 218 1584 χθησαυ·
243 1490 335 1583 όδέ,
356 1498 438 1584 πρὶν
451 1488 530 1585 ἀραι
549 1495 587 1566 τό
602 1508 756 1585 σημεῖον,
779 1494 896 1583 ἐπιβάς
907 1492 1032 1584 ὑπηρε-

66 1602 167 1668 τικοῦ
183 1601 355 1683 περιέπλει
372 1600 429 1668 καί
452 1597 535 1687 παρ’
555 1598 696 1669 ἑκάστου
709 1599 912 1688 τριηράρχου
926 1597 964 1667 τό
978 1605 1032 1685 βι-

10 1732 17 1771 ι
70 1708 169 1788 βλίον
196 1697 377 1791 ἀπῄτησεν.
412 1699 533 1783 ’Όσους
564 1703 627 1790 μὲν
654 1693 732 1791 εὗρε
762 1700 824 1790 τὴν
861 1706 1033 1795 σφραγίδα

14 1808 57 1875 Β
71 1802 269 1887 λελυκότας,
297 1801 342 1886 ὡς
361 1804 525 1892 προδότας
551 1805 729 1875 ἐκέλευσεν
749 1801 944 1892 ἀπαχθῆναι
970 1801 1033 1891 τὴν

10 1940 28 1997 μ
72 1910 124 1976 ἐπὶ
139 1905 295 2000 θανάτῳ·
315 1923 384 1987 τοῖς
406 1909 443 1977 δὲ
457 1906 569 1988 ἀλλοις
583 1913 711 1977 ἔδωκεν
724 1909 822 1995 ἕτερα
843 1912 974 1994 βιβλία,
995 1909 1033 1974 ἐν

22 2004 31 2079 i
72 2005 118 2089 οἷς
137 2007 276 2097 ἀληθῶς
297 2013 482 2098 ἐγέγραπτο
501 2019 581 2104 ποίᾳ
594 2010 689 2082 πόλει
704 2009 858 2099 βούλοιτο
872 2011 1032 2078 ἐπιπλεῦ·

10 2144 35 2185 τ
72 2135 135 2182 σαι.
163 2114 232 2181 Καὶ
246 2110 289 2200 δὴ
307 2111 345 2182 τό
363 2112 552 2204 ἀπόρρητον
572 2111 660 2183 οὕτω
679 2111 857 2202 φυλαχθὲν
870 2102 1035 2199 παρέσχεν

10 2248 40 2289 t
72 2213 160 2308 αύτῷ
174 2212 237 2304 τὴν
245 2211 447 2304 Ἀμφίπολιν
460 2215 654 2305 ἀφύλακτον
668 2223 796 2304 λαβεῖν.

13 2330 60 2405 ηδ
148 2317 340 2404 Διονύσιος,
349 2319 553 2407 βουλόμενος
564 2331 699 2407 μαθεῖν,
707 2313 762 2387 οἷα
776 2318 852 2405 περί
866 2313 971 2384 αὐτοῦ
981 2333 1012 2384 ιλ
1021 2322 1082 2400 (13)

10 2454 45 2493 τε
71 2435 233 2509 φρονοῖεν
246 2424 303 2490 καὶ
317 2425 448 2508 λέγοιεν
463 2427 498 2491 οί
509 2420 705 2512 ἀρχόμενοι,
726 2418 785 2499 τάς
801 2418 1034 2507 μουσουργοὺς

69 2526 125 2593 καὶ
137 2522 199 2603 τάς
213 2525 344 2612 ἑταίρας
358 2527 535 2595 ἐκέλευσεν
548 2522 820 2612 ἀπογράψασθαι.
854 2526 901 2590 Ac
915 2521 976 2608 μὲν
991 2517 1033 2605 δὴ

10 2630 40 2694 τί
67 2631 198 2698 πολλοῦ
215 2629 332 2708 τέλους
351 2626 512 2717 ἐπιβολὴν
531 2627 690 2713 ἐνόμισαν
715 2623 936 2712 γενησεσθαι·
963 2617 1036 2691 όδέ

10 2755 34 2809 ’,ν
66 2732 163 2808 τέλος
183 2728 246 2817 μὲν
269 2727 333 2798 ούκ
359 2732 540 2818 ἐπέβαλεν,
568 2724 711 2815 ἑκάστην
738 2726 776 2796 δέ
801 2729 870 2795 τῶν
893 2727 1034 2811 ἑταιρῶν

10 2828 50 2894 ὦ
66 2830 229 2919 ἀνέκρινε
242 2839 450 2918 βασανίζων,
462 2841 539 2902 τίνα
553 2828 643 2920 παρά
655 2835 725 2899 τῶν
741 2832 892 2916 ἐραστῶν
909 2828 1033 2896 συνόν-

10 2938 24 2994 't
66 2962 139 3003 των
165 2931 351 3003 ἀκούσειαν
383 2936 460 3021 περὶ
486 2939 544 3023 τῆς
576 2937 787 3021 τυραννίδος.
842 2926 940 2997 Ούτω
956 2926 1034 3007 τούς

10 3040 19 3095 'r
66 3041 354 3125 βλασφημοῦντας
372 3033 495 3123 μαθάν
516 3031 574 3114 ούς
589 3037 652 3123 μὲν
676 3032 890 3117 ἀπέκτεινεν,
917 3026 977 3109 ούς
996 3029 1035 3100 δέ

10 3158 15 3195 ⁵
68 3142 220 3222 ἐδίωξεν.

10 3272 17 3299 ³
142 3240 337 3326 Διονύσιος,
346 3239 387 3309 τά
400 3237 486 3310 όπλα
499 3243 568 3309 τῶν
581 3241 728 3310 πολιτῶν
740 3232 975 3324 παρελόμενος,
983 3241 1037 3317 13(
1040 3251 1085 3322 14)

10 3344 54 3433 ’9ο
68 3344 171 3436 ἡνίκα
202 3344 285 3434 πρὸς
318 3341 396 3424 τούς
429 3349 609 3430 πολεμίους
642 3338 806 3411 κινδύνου
837 3335 953 3425 καιρός
978 3327 1032 3424 ἦν,

69 3446 234 3540 προάγειν
252 3442 375 3528 αὐτούς
401 3442 468 3516 ἀπό
490 3451 549 3534 τῆς
567 3443 696 3523 πόλεως
710 3438 830 3512 ἑκατόν
843 3440 963 3510 στάδια
976 3465 1032 3507 κε-

10 3552 17 3581 *
67 3552 208 3642 λούσας,
221 3549 353 3632 τούτοις
363 3544 535 3620 ’ἀπεδίδου
555 3545 596 3617 τοὶ
608 3543 711 3616 όπλα·
736 3541 819 3634 μετά
835 3543 873 3614 δὲ
893 3541 955 3632 τὴν
968 3541 1032 3630 μά-

205 3654 214 3669 ⁸
815 3659 877 3721 12*
