2318 3892
469 193 650 259 ΟΓΔΟΟΝ.
975 195 1035 259 301

72 361 113 435 δέ
126 360 311 454 βαρβάρων
325 365 380 433 ἐπὶ
401 363 530 454 μακρόν
553 363 778 455 ιἰντεχόντων,
796 362 892 448 ύετός
911 366 1037 458 άμήχα-

71 494 132 548 νος
159 465 367 555 κατερράγη,
403 464 487 538 ῶστε
514 472 570 538 καί
598 465 670 540 ὅσοι
697 473 845 558 φύλακες
871 478 990 558 τειχῶν
1016 466 1038 560 ἢ

73 570 221 659 φρουροὶ
243 575 418 638 λείπουσιν
445 577 480 641 οί
497 571 559 659 μὲν
578 570 636 652 τάς
663 570 833 659 φυλακάς,
859 579 894 641 οί
915 575 955 642 δὲ
979 571 1038 654 τὰς

74 671 236 754 ἐπάλξεις.
269 680 402 760 Καίσαρ
425 675 461 742 δὲ
483 674 709 762 παρήγγειλεν
730 672 932 745 ὁπλίσασθαι
952 675 1038 763 τότε,

49 775 133 847 ικαὶ
160 779 360 862 παραχρῆμα
386 783 602 864 τοίςτείχεσι
630 778 837 865 προσήγαγε,
865 779 921 846 καὶ
947 775 1038 866 άφύ-

75 885 185 949 λακτα·
194 873 410 965 καταλαβῶν,
430 876 577 960 εὐκόλως
596 875 746 970 ὑπερβάς
761 884 865 975 §ms
878 879 915 950 τὸ
929 876 1038 970 φρού·

76 1007 161 1070 ριον.
331 1015 334 1022 ·

152 1088 286 1171 Καίσαρ
312 1082 368 1149 ἐπὶ
394 1088 542 1171 Γεργοβί
542 1066 583 1171 ην
612 1082 711 1153 πόλιν
738 1087 806 1153 τῶν
832 1085 870 1153 ἐν
888 1091 1072 1175 Γαλατίηι9

75 1190 237 1271 μεγίστην
281 1182 516 1275 ἐστράτευσεν·
562 1182 909 1276 άντεστρατοπέὃευεν
948 1184 1039 1280 αὐτῶ

49 1284 235 1374 ιβασιλεύς
254 1282 416 1355 Γαλατῶν
444 1285 696 1384 Ούεργετόριξ..
722 1293 840 1369 Μεσος
868 1281 912 1378 ἦν
937 1315 1038 1359 ποτα-

72 1387 137 1476 μός
159 1394 365 1476 ναυσίπορος
385 1386 482 1477 καὶὴ
508 1391 662 1478 διάβασις
685 1388 862 1479 ἀμήχανος.
906 1399 1039 1480 Καίσαρ

73 1488 166 1579 παρὰ
182 1487 243 1578 τὴν
258 1487 367 1577 όχθην
384 1499 522 1571 πολλαῖς
540 1488 678 1581 ἡμέραις
697 1490 978 1582 άντιπαρεξῆγεν·
1008 1496 1041 1563 οἱ

72 1592 241 1682 βάρβαροι
261 1591 494 1681 κατεφρόνουν
516 1588 561 1673 ῶς
575 1600 734 1682 διαβῆναι
753 1593 798 1683 μὴ
818 1601 1038 1683 θαρροῦντος.

67 1691 105 1766 ‘0
121 1696 160 1765 δέ
173 1694 306 1782 νύκτωρ
322 1694 547 1783 δύοζτάγματα
557 1704 714 1784 βαθείαις
726 1694 822 1776 ὕλαις
836 1699 1040 1784 ἐγκατέκρυ-

49 1813 160 1883 ῑνεν,
180 1804 230 1884 οἳ,
251 1802 320 1892 τῶν
337 1803 499 1866 Γαλατῶν
512 1795 590 1878 τούς
615 1796 703 1887 ἀμφὶ
723 1797 781 1867 τὸν
801 1807 956 1888 Καίσαρα
974 1825 1037 1868 πα-

73 1898 377 1990 ραφυλαττόντων,
402 1895 505 1969 ἀύτολ
531 1898 615 1970 κατά
636 1899 673 1970 τὸ
700 1897 771 1970 άνω
799 1906 861 1970 τοῦ
887 1906 1041 1989 ποταμοῦ

73 2005 177 2094 μέρος
189 1998 328 2091 ἀρχαίας
344 2001 494 2089 γεφύρας
514 2005 793 2093 διακεκομμένης,
808 2002 849 2073 τά
862 2003 925 2091 μὲν
935 2023 1037 2072 σταυ-

73 2104 213 2196 ρῶματα
242 2103 413 2193 πεπηγότα
434 2104 591 2194 ἐχούσης,
620 2106 679 2186 τὰς
700 2107 737 2176 δέ
765 2106 878 2198 ἐπάνω
902 2111 1039 2185 δοκίὸας

72 2205 310 2297 άφηρημένης,
343 2205 439 2276 αὐτοὶ
452 2207 616 2295 ,τεμόντες
642 2213 680 2278 ἐκ
706 2214 764 2296 τῆς
789 2205 872 2295 ὕλης
900 2207 955 2277 διὰ
982 2207 1038 2277 τά·

49 2336 158 2399 ιχονς
181 2309 403 2397 ἐγεφύρωσαν
425 2311 481 2377 καὶ
503 2314 655 2397 διῆλθον.
697 2316 742 2378 Οί
766 2310 803 2378 δὲ
823 2310 969 2379 Γαλάται
993 2315 1041 2401 τῷ

75 2411 258 2504 παραλόγῳ
272 2416 330 2500 τῆς
341 2411 528 2500 διαβάσεως
542 2414 761 2499 ἐκπλαγέντες
775 2408 943 2499 ἔφευγου”
953 2421 1039 2482 Καί-

73 2537 140 2603 σαρ
162 2513 219 2598 δὲ,
248 2511 334 2602 μετίιΙ
355 2519 425 2583 τῶν
445 2519 572 2582 λοιπῶν
593 2511 649 2583 διὰ
670 2520 729 2602 τῆς
749 2512 968 2602 αὐτοσχεδίου
981 2541 1037 2602 γε·

76 2616 191 2706 φύρας
204 2614 341 2705 διαβάς,
360 2607 405 2704 ἦν
422 2629 489 2711 τοῖς
503 2616 670 2696 Γαλάταις
687 2617 929 2707 φοβερώτερος.

155 2725 289 2807 Καισαρ
325 2716 512 2806 ἐπολιόρκει
537 2725 727 2808 Γεργοβίην
753 2719 852 2796 πόλιν
886 2720 943 2789 καὶ
969 2725 1037 2789 τεί·
1058 2737 1091 2790 10

49 2841 175 2912 ιχεσιν
194 2819 318 2910 ἐχυρὰν
335 2822 396 2890 καὶ
415 2825 456 2911 τῇ
478 2820 579 2910 φύσει
600 2822 824 2912 ἐχυρωτέραυ,
848 2813 911 2892 Ἦν
935 2820 999 2912 γάρ
1020 2818 1040 2910 ἡ
1138 2875 1144 2879 -

77 2925 175 3005 πόλις
201 2923 306 3048 λόφρς
333 2922 497 3013 ἐρυμνός,
523 2923 583 3005 τάς
609 2924 761 3017 κορυφάς
788 2921 913 3013 ὁμαλῶς
937 2930 1039 3010 ἔχων

77 3053 164 3103 κατα
150 3022 276 3096 Ἡδὲ
242 3052 279 3093 το
304 3023 401 3095 λαιόν
421 3028 521 3130 μέρος
541 3023 620 3097 ύλαι
646 3030 817 3153 χθαμαλαὶ
835 3029 892 3095 καί
914 3026 1042 3095 πυκναί

77 3155 125 3225 τω
108 3127 235 3223 λόφω
254 3126 450 3217 συνήντων,
470 3125 554 3197 κατὰ
576 3128 670 3198 δέ
636 3157 673 3198 το
697 3126 839 3210 δεξιόν’
821 3126 985 3216 απότομος
999 3119 1042 3217 ἦν

80 3228 203 3320 στενην
226 3235 344 3300 δίοδον
365 3235 468 3317 ἔχων,
494 3227 578 3300 καθ’
607 3258 689 3317 ηνο
691 3235 934 3355 ίΓεργοβιαίοι
960 3229 1042 3318 μετά

49 3358 65 3400 ιι
81 3339 206 3422 πολλης
227 3330 336 3421 χειρὸς
352 3331 551 3418 ἐφύλαττον.
586 3341 719 3424 Καῖσαρ
740 3337 810 3402 τῶν
822 3329 927 3403 αὑτοῦ
940 3353 1042 3420 στρα-

81 3440 213 3506 τιωτῶν
238 3433 318 3515 τούς
344 3433 486 3522 μάλιστα
510 3435 715 3523 φιλοπόνους
740 3436 797 3505 καί
826 3432 1045 3525 καρτερικούς

69 3535 313 3629 ,ῶπλισμίνονς
337 3535 472 3627 νύκτωρ
497 3538 724 3629 ἐγκατίκρυψε
749 3553 821 3620 ταῖς
845 3535 959 3626 ύλαις,
986 3564 1042 3608 τε·
