2318 3892
69 149 131 214 208
335 107 338 111 ¹
466 147 652 210 οτοκιοα

69 326 270 395 κατέδυσεν·
290 317 312 412 ίγ
336 317 367 392 δ’
399 308 494 406 ἐπέρα
514 286 615 406 νάύς,
642 316 705 407 την
725 319 894 409 προτέραν
914 318 1023 392 ίδούσα
1061 392 1062 401 ¹

69 428 340 516 καταδυομένην,
356 421 461 505 εὐθὺς
479 419 612 512 ύρμησε
626 421 779 509 φεύγειν.

387 603 429 659 37.
449 604 721 656 ΣΩΣΙΣΤΡΑΤΟΣ.

147 738 383 822 Σωσίστρατος
409 720 522 801 ἔπεισε
547 726 607 798 τὸν
637 736 889 820 Συρακουσίων
917 736 1028 822 δῆμον,

70 834 197 925 άνδρας
216 838 345 927 ,φίλους
370 832 574 921 Ἀγαθοκλεῖ
597 832 680 922 πρός
709 860 745 903 τε
763 831 827 922 τὴν
845 841 1047 924 τυραννίδων

71 938 360 1029 συμπράττοντας,
382 936 523 1025 φεύγειν
542 934 624 1024 μετά
642 940 710 1005 τάν
727 939 870 1005 οίκετῶν
883 945 1031 1026 ψηφίσα-

71 1055 163 1112 σθαι.
193 1038 283 1111 Ἐπεὶ
306 1040 344 1109 δέ
365 1043 428 1122 ἔξω
447 1044 505 1127 της
526 1037 655 1119 πόλεως
675 1041 831 1126 ἐγένοντο
844 1034 971 1131 ἄνδρες
988 1048 1033 1129 γί-

71 1154 157 1231 λιοι,
182 1148 237 1227 [οῖ’]
261 1144 514 1232 προπέμποντες
541 1138 664 1222 αύτούς
690 1138 824 1212 ὁπλῖται
847 1145 905 1213 καὶ
926 1148 1034 1226 ίππεῖς

72 1243 131 1327 οὓς
144 1246 207 1334 μὲν
221 1245 445 1333 συλλαβόντες
469 1241 687 1333 ἀπέκτειναν,
711 1240 771 1326 οὓς
788 1244 826 1315 δέ
844 1247 1032 1336 διαφυγόν·

70 1375 130 1429 τας
154 1357 389 1437 Σωσίστρατος
422 1346 623 1435 ἐπικηρύξας
651 1344 806 1436 άναιρεῖν
841 1350 1032 1439 ἐπέτρεψεν.

72 1448 183 1531 Αὐτὸς
198 1452 235 1520 δέ
249 1449 307 1531 τάς
321 1457 389 1520 τάν
403 1450 568 1538 φυγάδων
581 1447 696 1531 οὐσίας
710 1453 881 1540 κατέσχεν,
890 1455 1032 1527 καὶσνν-
1056 1478 1062 1536 γ

73 1552 210 1680 αγργάν
239 1552 442 1643 στρατιώτας
464 1551 628 1641 Ἕλληνας
657 1555 711 1624 καί
736 1554 950 1679 βαρβάρους
984 1557 1062 1637 κτλη

72 1655 151 1738 τούς
172 1660 209 1727 ἐκ
228 1661 297 1727 τάν
317 1660 521 1743 λιθοτομιῶυ
540 1652 699 1743 λύσας,“
680 1654 748 1726 νπδ
760 1655 895 1730 τούτων·
906 1669 1028 1749 φυλασ
1051 1700 1062 1742 η

73 1760 212 1849 σόμενος
229 1787 310 1855 ηργε
324 1787 392 1829 των
406 1764 664 1847 Συρακονσιων
942 1816 945 1823 .
1051 1794 1062 1842 η

408 1938 452 1993 σε.
472 1941 695 1997 ΔιοοαΗνοΣ
922 1926 930 1941 ’
1050 1905 1062 1957 ·“

150 2063 337 2153 Διόγνητος
352 2059 531 2153 Ἀθηναῖος
557 2065 762 2156 βουλόμενος
786 2073 953 2159 κρατῆσαι
978 2066 1026 2141 πά
1051 2104 1062 2151 η

73 2167 156 2249 λεώς
176 2194 283 2254 τινος,
312 2163 520 2256 άποβιβάσας
547 2169 662 2257 κρύφα
688 2170 892 2260 στρατιώτας
919 2169 1028 2250 νυκτός

73 2272 129 2340 καὶ
160 2270 259 2358 λόχον
286 2273 487 2358 ἐγκαθίσας,
514 2269 597 2359 μεθ’
623 2268 752 2363 ἡμέραν
774 2271 876 2354 αύτός
903 2277 1028 2346 ἐπέπλει

74 2379 240 2462 φανερῶς.
278 2377 322 2442 Ol
338 2373 400 2462 μὲν
422 2377 458 2443 ἐκ
478 2380 537 2462 τῆς
558 2374 686 2456 πόλεως
700 2377 756 2446 ἐπὶ
770 2374 829 2458 τάς
842 2383 929 2462 ναῦς
943 2375 1028 2469 ἐβοη-

73 2486 182 2546 θουν·
197 2480 230 2545 οί
243 2476 280 2545 δὲ
295 2476 529 2564 ἐνεδρεύοντες
543 2474 703 2567 άρμησαν
716 2480 771 2549 ε’πλ
784 2479 847 2571 την
863 2480 967 2553 πόλιν
983 2480 1028 2553 καί
1057 2518 1062 2557 ι

73 2582 199 2669 ῥᾳδίως
224 2575 326 2669 αὐτῆς
350 2579 546 2670 ἐκράτησαν.
598 2581 786 2670 Διόγνητος
805 2582 1030 2672 προσπλεύσας
1059 2622 1062 2675 η

73 2681 130 2748 καλ
142 2684 404 2769 καθορμισθεὶς,
419 2683 599 2772 ἐκβιβάσας
613 2682 692 2765 τούς
705 2687 742 2754 ἐκ
756 2691 826 2755 τάν
844 2693 936 2759 νεῶν
953 2690 1031 2776 ἐχει-

74 2781 204 2870 ροόσατο
217 2782 296 2862 τούς
309 2786 364 2854 ἐπὶ
377 2783 439 2873 τὴν
451 2786 618 2874 βοήθειαν
631 2787 840 2871 ἐξελθόντας.

428 2962 472 3022 39.
491 2966 688 3018 ΑΡΧΕΒΙΟΣ.

124 3140 127 3147 .
145 3084 313 3177 Ἀργέβιος
322 3080 568 3174 Ἡρακλεώτης,
592 3092 660 3157 των
674 3095 846 3177 πολεμίων
858 3086 1036 3181 άποβάσεις

73 3192 288 3277 ποιουμένων
311 3204 481 3277 συνεχεῖς,
509 3199 609 3260 πλοῖα
635 3196 705 3261 τῶν
729 3188 933 3265 άλιεντιιιάν
957 3191 1036 3265 ἄνα·

73 3292 202 3372 σπάσας
222 3293 279 3361 καλ
302 3289 418 3363 διά
377 3320 435 3381 της
456 3292 591 3380 τρόπιος
607 3292 796 3383 δεσμοῖς’
754 3323 840 3366 αντα
827 3293 1040 3388 δυσκίνητα

72 3395 230 3483 ποιήσας,
249 3392 349 3476 αύτός
363 3395 445 3484 μετά
457 3423 561 3465 τινων
565 3394 792 3521 ἐνήδρευσεν.
824 3399 1042 3490 Σαλπιγπτης

71 3524 115 3587 ην
129 3499 184 3568 ἐπὶ
199 3498 344 3587 δένδρον
358 3497 492 3580 σκοπός.
527 3488 636 3580 Οὗτος
657 3499 743 3571 ίδάν
761 3499 853 3585 τούς
859 3510 1042 3595 πολεμίους
