2318 3892
102 169 164 233 286
496 168 681 229 ΒΙΒΛΙΟΝ

102 338 147 422 ως
173 340 465 428 γυμνασομένους,
490 338 666 429 παρέδωκε
682 334 869 426 Ῥωμαίοις·
900 334 1065 429 Κάμιλλος

62 430 69 444 ’
101 445 156 530 δέ,
177 441 283 531 ἀσεβῆ
300 441 362 532 τὴν
381 446 441 513 τοῦ
465 440 671 511 διδασκάλου
693 445 881 530 προδοσίαν
900 437 1063 533 ἡγησάμε-
1100 500 1103 513 .

100 573 175 631 νος,
196 548 398 635 προσέταξεν
424 541 533 614 ὀπίσω
553 542 600 612 τά
617 557 707 635 χεῖρε
721 539 827 613 αὐτοῦ
840 552 1064 636 περιαχθῆναι

100 641 1063 739 καῖδεδηναικαλτοῖςπαισὶνέπέτρεψενάπάγειντδνπρο-

101 749 203 839 δότην
218 746 262 831 οδς
271 749 348 830 τούς
362 751 514 837 πατέρας.
535 750 693 838 Φαλέριοι
707 746 766 819 τὸν
779 747 843 837 μέν
858 749 1080 822 διδάσκαλοντ
1100 776 1103 789 ·

99 851 310 942 αἰκισάμενοι
330 855 582 942 κατέφθειραν,
599 856 660 920 τοῦ
679 850 717 920 δέ
730 856 910 937 Καμίλλου
931 852 1063 943 θαυμά·

100 975 218 1035 σαντες
225 953 286 1043 την
294 953 469 1042 εὐσέβειαν
482 956 539 1024 καὶ
552 951 613 1041 τὴν
621 952 842 1042 δικαιοσύνην
849 960 942 1041 σφᾶς
949 953 1065 1034 αὖτοδς

100 1055 183 1127 ἄνευ
191 1058 294 1145 μάχης
309 1061 522 1146 παρέδωκαν·
538 1057 707 1144 Κάμιλλος
721 1055 759 1125 δέ
772 1053 850 1137 τοδς
864 1066 987 1155 πολλῷ
992 1055 1063 1150 χρό-

15 1211 18 1215 -
99 1188 148 1253 νρτ
154 1151 281 1228 ἁλῶναι
295 1157 339 1248 μὴ
351 1162 561 1247 δυναμένους
574 1155 710 1246 εὐσεβεῖ
720 1158 973 1248 στρατηγήματι
986 1170 1063 1250 παρ

100 1260 268 1348 εστήσατο.
920 1344 923 1349 ¹
1074 1286 1086 1327 ι

67 1382 84 1432 2
179 1362 319 1445 Κελτοὶ,
354 1360 507 1449 Βρέννου
540 1361 703 1448 βασιλέως
740 1358 951 1451 ἡγουμένου,
986 1360 1064 1432 κατά

101 1463 220 1551 κράτος
240 1444 433 1551 τὴδῬάμην
454 1461 584 1542 ἑλόντες
599 1461 680 1532 ἑπτὰ
700 1466 780 1552 μησὶ
793 1467 978 1553 κατέσχον·
997 1463 1064 1535 Κά-

41 1618 45 1625 .
100 1575 215 1656 μιλλος
242 1563 320 1643 τοδς
340 1569 401 1647 ἔξω
430 1570 488 1652 τῆς
517 1564 644 1645 πόλεως
661 1562 839 1655 Ῥωμαίους
861 1565 1065 1655 συναγαγεῖν

99 1668 238 1757 ἐξήλασε
251 1665 400 1746 Κελτούς
415 1670 470 1736 καὶ
484 1665 545 1755 τὴν
566 1667 665 1735 πόλιν
679 1667 850 1756 ἀνέστησε.
885 1660 1063 1749 Πάλιναῦ

99 1773 220 1841 Κελτοί
238 1769 318 1858 μετὰ
339 1776 414 1858 τρία
436 1776 491 1857 ἔτη
514 1771 569 1837 καὶ
585 1771 665 1838 δέκα
686 1777 732 1851 είς
747 1766 949 1861 τὴνῬάμην
963 1776 1085 1862 ἐμβα-ε

101 1883 172 1942 λεῖν
182 1872 405 1960 τολμήσαντες
415 1869 760 1960 ἐστρατοπεδεύσαντο
770 1875 847 1963 περὶ
856 1870 1064 1945 τδνἈνίωνα
1096 1896 1100 1909 ·

100 1973 265 2062 ποταμὸν,
286 1974 458 2060 ἐλάχιστον
471 1978 529 2061 τῆς
545 1973 673 2053 πόλεως
685 1973 860 2062 ἀπέχοντα.
895 1977 1063 2067 Κάμιλλος

100 2078 250 2165 αίρεδεὶς
271 2078 421 2163 π’έμπτον
441 2074 605 2163 δικτάτωρ
616 2078 674 2145 ’καλ
687 2076 749 2167 την
763 2075 925 2167 στρατιάν
939 2076 1061 2149 ἀναλα-

100 2175 275 2268 βοδνπρδς
296 2177 358 2266 μὲν
376 2175 433 2257 τάς
452 2182 521 2246 τῶν
534 2183 674 2247 Κελτῶν
693 2174 873 2270 μαχαίρας,
894 2174 951 2262 αἷς
965 2209 1062 2252 κατα·

100 2282 260 2369 φέροντες
273 2279 331 2358 τὰς
344 2278 492 2366 κεφαλάς
508 2282 702 2368 διέκοπτον,
717 2284 893 2353 ἐκέλευσεν
907 2186 1094 2449 &mm-1⁴

100 2372 286 2452 κεάσασδαι
313 2379 353 2449 τά
379 2380 486 2470 κράνη
515 2378 695 2471 ὁλοσίδηρα
721 2386 778 2454 καὶ
804 2394 894 2472 λεῖα,
921 2382 1016 2467 ὅπως
1033 2388 1066 2455 αἱ
1099 2422 1103 2430 ·

99 2485 257 2574 μάχαιραι
271 2481 534 2555 άπολισδάνοῖεν
550 2480 570 2573 ἢ
584 2485 841 2573 κατεάγνοιντο,·
857 2502 929 2568 τοῖς
945 2488 985 2559 δὲ
1000 2500 1062 2558 θυ-

101 2603 189 2677 ρεοῖς
208 2586 321 2681 κύκλῳ
343 2583 545 2676 περιήρμοσε
566 2594 686 2657 λεπίδα
706 2592 849 2679 χαλκῆν,
877 2595 940 2659 τοῦ
964 2590 1063 2675 ξύλου

100 2688 158 2768 τὰς
175 2687 302 2776 πληγάς
323 2688 367 2777 μὴ
387 2691 571 2777 στέγοντος.
613 2689 697 2771 Τοδς
719 2691 756 2760 δὲ
770 2686 975 2783 στρατιώτας
988 2696 1062 2763 ’έδί-

101 2793 179 2873 δαξε
196 2806 265 2870 τοῖς
285 2793 415 2871 ξυστοῖς
435 2807 573 2881 μακροῖς
595 2790 661 2861 άπδ
681 2791 791 2882 χειρδς
815 2799 982 2884 χρῆσθαι,
1007 2798 1059 2865 καλ
1071 2821 1084 2857 ²³

99 2910 167 2976 τοῖς
178 2896 288 2981 ξίφεσι
301 2897 371 2961 τάν
385 2901 556 2981 πολεμίων
568 2900 657 2982 σφάς
676 2892 798 2977 αὐτοδς
811 2892 1062 2984 ὑποβάλλοντας

101 2998 298 3085 ἐκδέχεσθαι
321 2993 379 3075 τὰς
402 2996 605 3084 καταφοράς.
640 2994 680 3066 “0
693 3025 729 3067 τε
749 2996 814 3088 γάρ
837 3004 976 3090 σίδηρος
997 3006 1062 3071 τοῖν

100 3105 239 3169 Κελτῶν
255 3095 401 3188 μαλακὸς
416 3092 464 3166 dv
484 3102 540 3168 καὶ
555 3105 710 3190 πονηροῖς
723 3103 946 3191 έληλασμένος
965 3102 1061 3192 ἐκάμ-

100 3226 198 3270 πτετο
215 3203 357 3289 ταχέως,
380 3205 417 3269 αῖ
434 3229 469 3269 τε
483 3201 641 3291 μάχαιραι
661 3199 775 3273 αὐτῶν
789 3206 991 3274 έδιπλοῦντο
1012 3206 1062 3276 καλ

99 3296 184 3393 ἦσαν
197 3301 353 3394 άχρηστοι
368 3298 450 3395 πῇ
464 3301 525 3393 τὴν
538 3305 655 3393 μάχην.
680 3303 797 3387 Οὕτως
810 3309 851 3395 γέ
861 3334 913 3377 τοι
927 3308 985 3377 καὶ
998 3312 1056 3401 ῥᾳ-
1076 3332 1088 3371 ο

100 3458 328 3470 ...φα-

167 3534 234 3599 Cap.
253 3537 278 3584 7.
314 3538 339 3597 ξ.
357 3537 384 3585 2.
419 3537 461 3588 Ex
478 3535 550 3589 Plut.
569 3534 684 3589 Camillo
704 3538 746 3589 4⁰.
