2318 3892
431 109 657 171 TETAPTON.
962 111 1021 171 125

29 299 35 309 '
60 281 201 361 στάντες
233 280 420 370 κατεβόων,
454 280 516 371 τὴν
549 280 763 371 μισθοφοράν
794 281 1020 365 ἀπαιτοῦντες.

64 383 140 455 Οόκ
162 392 247 473 έχων
270 382 467 464 ὁΦίλιππος
485 390 696 474 προσῆλθεν,
718 391 833 475 ίδρώτι
854 387 1021 477 ῥεόμενος,

61 490 295 577 κεκονιμένος,
324 488 583 577 προσμειδιάσας
607 486 720 569 αὐτοῖς
738 485 928 576 “Δίκαια”,
944 499 1020 580 ἔφη,

57 587 206 680 “λέγετε,
224 581 250 660 ά
265 596 472 683 στρατιῶται,
490 588 573 684 άλλά
593 619 642 661 τοι
663 591 755 679 κάγώ
773 590 828 662 διά
842 599 939 662 τοῦτο
955 601 1021 664 νῦν

21 715 43 752 ⁵
66 697 122 764 ἐπὶ
131 692 191 764 τόν
199 693 370 782 βάρβαρον
380 692 568 783 άλείφομαι,
580 691 669 775 ὅπως
677 692 759 784 ὑμῖν
766 704 1022 777 πολλαπλασίως

62 796 257 884 άποτίσαιμι
278 795 336 877 τάς
350 793 515 887 χάριτας.”
558 803 669 866 Ταῦτα
684 797 788 868 εἰπών
803 802 859 868 καὶ
876 815 952 869 ταλν
965 827 1020 886 χε-

64 917 139 988 ροίν
158 905 304 986 κροτών,
338 900 394 969 διά
414 902 525 989 μέσων
545 898 700 990 δραμών,
727 905 760 982 ἐς
779 903 1022 991 κολυμβήθραν

65 1007 261 1094 ἐπέρριψεν,
276 1004 331 1071 καὶ
350 1008 384 1072 οί
395 1001 595 1084 Μακεδόνες
608 1006 781 1091 ἐγέλασαν.
806 1001 841 1074 ‘0
856 1013 1022 1085 Φίλιππος

63 1109 158 1197 μέχρι
171 1104 334 1175 τοσούτου
348 1106 640 1194 διαβαπτιζόμενος
654 1106 736 1197 πρὸς
748 1106 807 1178 τόν
817 1136 1020 1198 παγκρατια-

10 1226 47 1269 1⁰
64 1209 148 1298 στὴν
160 1211 216 1278 καί
229 1207 312 1278 κατά
325 1215 385 1278 τοῦ
399 1209 579 1298 προσώπου
590 1211 801 1300 ῥαινόμενος,
817 1209 1021 1300 οάκάνηκεν,

64 1309 132 1383 ἔστ’
161 1307 204 1381 άν
223 1316 258 1380 οί
276 1318 472 1400 στρατιῶται
494 1313 655 1402 καμόντες
684 1311 909 1404 άπερρόησαυ.
955 1321 1022 1384 Τοῦ

64 1414 331 1504 στρατηγήματος
345 1415 466 1484 τούτου
479 1418 536 1484 καὶ
549 1415 650 1497 αὐτὸς
663 1425 829 1498 Φίλιππος
843 1417 932 1504 παρά
945 1417 1022 1499 τοάς

65 1519 188 1599 πότους
210 1520 372 1607 ἐμέμνητο
395 1519 569 1607 πολλάκις,
598 1517 642 1600 άς
661 1517 799 1600 άστείως
819 1522 1020 1610 διακρουσά-

61 1649 163 1709 μενος
180 1620 258 1701 τοὺς
271 1619 503 1702 άπαιτοῦντας.

10 1745 49 1807 ¹³¹⁵
141 1731 307 1805 Φίλιππος
334 1727 371 1793 έν
397 1730 605 1816 Χαιρωνεία,
632 1724 831 1813 γιγνώσκων
856 1722 933 1804 τούς
960 1725 1056 1813 μἐυγ

57 1823 260 1915 Ἀθηναίους
274 1825 358 1910 ὀξεῖς
371 1829 428 1897 καὶ
440 1825 691 1917 ἀγυμνάστους,
710 1826 788 1909 τούς
803 1828 839 1898 δὲ
859 1827 1019 1897 Μακεδό-

59 1959 122 2011 νας
135 1927 319 2019 ἠσκηκότας
328 1932 385 2000 καί
398 1935 702 2020 γεγυμνασμένους,
717 1933 772 2002 ἐπὶ
785 1929 945 2020 πελάτην
959 1957 1022 2000 πα»

58 2032 200 2120 ράταξιυ
219 2038 386 2121 ἐκτείνας,
405 2038 528 2123 ταχέως
547 2038 715 2126 παρέλυσε
735 2034 813 2116 τοὺς
823 2032 1024 2124 Ἀθηναίους

59 2139 121 2207 καί
137 2134 355 2226 εὐχειρώτους
374 2142 518 2227 ἐποίησε.

11 2253 40 2301 2⁰
143 2247 308 2320 Φίλιππος
322 2243 376 2310 ἐπὶ
393 2239 455 2330 τὴν
469 2239 678 2330 Ἀμφισσέων
691 2237 896 2326 ἐστράτευεν·
922 2236 1021 2326 Ἀθη·
1039 2260 1057 2312 8

59 2358 153 2413 ναῖοι
165 2344 222 2412 καὶ
236 2350 377 2432 Θηβαῖοι
390 2341 432 2412 τά
446 2341 546 2413 στενά
560 2342 860 2432 προκατελάβοντο,
875 2344 931 2411 καὶ
945 2333 1022 2430 ἦνὴ

61 2451 175 2527 δίοδος
189 2444 363 2535 άμηηανος.
391 2442 551 2537 Ἐξαπατᾷ
563 2444 641 2524 τούς
655 2452 833 2532 πολεμίους
847 2453 1023 2530 Φίλιππος,

60 2549 240 2639 ἐπιστολὴν
259 2550 495 2637 πεπλασμένην
509 2545 714 2639 Ἀντιπάτρῳ
737 2549 869 2636 πέμψας
888 2550 921 2629 ές
942 2555 1022 2616 Μα-

47 2658 237 2738 κεδονίαν,
260 2649 304 2732 ώς
323 2649 386 2738 τὴν
406 2652 469 2741 μέν
481 2657 658 2738 στρατείαν
675 2649 737 2740 την
758 2648 811 2720 ἐπ’
834 2649 1025 2740 Ἀμφισσεῖς

10 2760 46 2812 ²⁵
59 2753 278 2844 άναβάλοιτο,
294 2754 435 2825 σπεάδοι
448 2755 486 2824 δὲ
500 2758 533 2834 ἐς
550 2754 704 2847 Θράκην,
718 2758 929 2843 πεπυσμένος
945 2753 1024 2834 τούς

59 2863 134 2930 ἐκεί
149 2865 366 2944 νεωτερίζειν.
400 2854 435 2926 ‘0
454 2856 731 2948 γραμματοφόρος
751 2857 864 2948 [διῄει]
886 2855 942 2926 διά
955 2862 1024 2926 τών

59 2966 200 3032 στευών.
232 2965 276 3030 Ol
287 2962 482 3050 στρατηγοὶ,
500 2961 613 3048 Χάρης
630 2962 686 3030 καὶ
703 2961 890 3048 Πρόξενος,
905 2963 1022 3046 αίρού-

59 3088 116 3136 σιν
136 3061 240 3135 αὐτὸν
253 3066 309 3133 καλ
322 3063 384 3153 τὴν
397 3063 573 3153 ἐπιστολὴν
587 3060 805 3149 άναγυόυτες,
825 3063 1024 3131 πιστεύουσι

58 3183 130 3250 τοῖς
142 3170 383 3256 γεγραμμένοις
395 3168 450 3236 καὶ
470 3165 531 3255 τὴν
546 3163 702 3255 φυλακὴν
715 3172 783 3236 τών
796 3171 927 3235 στενῶν
940 3162 1024 3235 άποω

10 3283 43 3333 30
60 3279 225 3342 λείπουσι.
252 3279 418 3350 Φίλιππος
425 3269 462 3339 δὲ
476 3269 659 3359 λαβόμενος
672 3272 810 3358 ἐρημίας
820 3265 1025 3358 άφυλάκτως

59 3377 281 3463 διεπέμψατο,
314 3377 370 3443 καὶ
402 3371 480 3452 τοὺς
513 3370 717 3462 στρατηγοάς
753 3370 1025 3462 άναστρέψαντας

58 3484 208 3568 ἐνίκησε,
221 3479 278 3547 καὶ
290 3482 347 3568 τῆς
360 3474 548 3565 Ἀμφίσσης
563 3473 756 3567 ἐκράτησεν.
