2318 3892
116 170 156 230 66
504 167 689 231 ΒΙΒΛΙΟΝ

68 383 99 434 15
191 337 453 429 Ἐπαμινώνδας,
468 341 665 428 προτρέπων
679 342 853 428 Θηβαίους
864 339 955 432 πρὸς
966 340 1038 413 αὐτο

117 443 260 536 ὁρμήσαι
286 448 590 531 Λακεδαιμονίους,
620 443 777 530 μέγιστον
803 448 879 531 ἔχιν
907 454 1038 535 σύλλαβε

118 553 245 632 ἔδειξεν
267 544 400 630 αὐτοῖς,
426 548 483 615 καὶ
510 545 647 615 πάντων
669 549 825 616 ἐναντίον
843 544 913 636 τήν
938 561 1038 637 κεφαλ

116 659 176 723 τοῦ
190 657 315 741 θηρίου
329 656 515 739 συντρίψας
524 700 535 736 ,
545 644 562 671 “
572 644 717 738 Ὁρᾶτέ’,
731 654 816 737 ἔφη,
826 644 907 721 “ὅτι
920 650 961 723 τὸ
972 662 1038 725 λοιε

117 761 211 844 σῶμα
225 752 390 842 ἄχρηστον
396 803 406 838 ,
428 757 485 841 τής
499 756 648 840 κεφαλῆς
662 755 852 840 οἰχομένης·
875 751 974 825 οὕτω
994 754 1033 846 δή

117 864 187 930 τῶν
201 862 373 945 πολεμίων
386 861 547 945 κεφαλαί·
569 850 612 945 ήν
625 855 689 943 μὲν
710 853 748 924 τό
767 856 982 929 Λακωνικὸν
993 864 1038 931 τοτ’

116 967 372 1050 συντρίψομεν,
388 957 425 1029 τό
445 955 563 1028 λοιπόν
577 962 672 1046 σῶμα
691 961 760 1027 τοῖν
778 960 978 1048 συμμάχων
989 960 1038 1053 άχρ

116 1061 231 1148 στον.”
264 1063 439 1157 Τούτῳ·τῷ
453 1066 697 1151 παραδείγματι
712 1068 857 1149 Θηβαῖοι
874 1067 1038 1137 πεισθέισ

114 1165 319 1257 ὁρμήσαντες
352 1163 536 1254 προθύμως
563 1165 619 1233 έπλ
651 1161 713 1252 τήν
741 1163 909 1253 φάλαγγα
936 1165 1038 1257 τήνλ

116 1265 265 1356 μανικὴν
287 1270 487 1358 ἐτρέψαντο,
515 1269 572 1336 καλ
592 1265 630 1335 τό
658 1271 788 1354 πλῆθος
804 1273 878 1339 τῶν
900 1270 1037 1362 σνμμάχ

116 1379 255 1462 ἔφαγεν.
556 1380 559 1384 ’

461 1536 489 1600 εἰ
503 1548 735 1601 ΠΕΛοΠιΔΑΣ.

81 1698 94 1748 l
189 1680 382 1755 Πελοπίδας
398 1672 586 1765 ἐπολιόρκει
601 1672 713 1755 πόλεις
726 1670 922 1765 ἀπεχούσας
932 1677 1038 1769 άλλήλ

63 1860 68 1867 ,
114 1779 233 1852 ἑκατὸν
255 1789 362 1849 εἴκοσι
381 1777 510 1847 στάδια.
544 1783 696 1866 Πλησίον
716 1773 765 1848 οδν
782 1784 841 1868 τής
855 1782 977 1872 ἑτέρας
991 1802 1038 1855 σοι

113 1887 227 1969 ταξεν,
244 1878 382 1952 ἐπειδάν
393 1879 544 1970 προσάγῃ
554 1897 623 1961 τολς
635 1887 775 1968 τείχεσι,
789 1883 961 1975 τέσσαρας
975 1890 1037 1957 ἱππ

114 1985 409 2074 ἐστεφανωμένους
421 1985 564 2064 θέοντας
578 1980 684 2073 ήκειν,
698 1981 925 2072 ἀγγέλλοντας
938 1986 1038 2077 τήνέι

115 2118 179 2180 ραν
199 2086 298 2159 πόλιν
321 2087 515 2156 ἑαλωκέναι.
547 2083 583 2154 Ὁ
607 2087 645 2156 δὲ
668 2083 813 2169 ἀκούσας
833 2087 1038 2175 άνέζενξενλ

113 2191 176 2282 τήν
198 2194 365 2261 δοκοῦσαν
386 2185 569 2279 ἡττᾶσθαι,
596 2192 653 2259 καὶ
674 2189 740 2280 πρὸ
760 2197 829 2261 τοῖν
850 2200 980 2282 τειχοόν
998 2191 1038 2267 ύλ

113 2292 242 2384 πολλήν
256 2291 396 2378 ἆνάωας,
410 2289 542 2362 καπνόν
555 2289 669 2382 ήγειρε
682 2296 798 2383 μέγαν,
808 2299 950 2379 ἵνατοῖς
960 2299 1038 2389 ἑτέρι

114 2397 278 2486 ἐμποιήσῃ
300 2401 490 2485 φαντασίαν
510 2394 638 2476 πόλεως
660 2400 999 2489 καταπεπρησμένης.

115 2503 169 2589 δὲ,
187 2496 230 2581 ὡς
246 2499 339 2569 εἶδον
347 2549 356 2584 ,
378 2501 645 2585 καταπλαγέντες
659 2497 722 2588 τήν
735 2502 928 2588 μέλλουσαν
941 2500 1038 2574 άλωσι

113 2609 202 2692 σφᾶς
228 2599 351 2681 αύτούς
370 2606 416 2693 τῷ
435 2607 611 2694 Πελοπίδᾳ
629 2605 841 2691 παρέδωκαν.
878 2600 917 2673 Ὁ
939 2605 998 2691 δὲ,
1019 2634 1038 2676 τ-

113 2703 205 2795 παρά
223 2704 351 2773 τούτων
378 2702 524 2792 δύναμιν
550 2704 769 2795 προσλαβών,
788 2707 845 2777 ἐπὶ
869 2705 935 2797 τήν
963 2711 1038 2801 έτέρ

91 2894 94 2898 ¹
112 2807 212 2878 πόλιν
226 2803 355 2890 ἐλθών,
369 2804 530 2895 κάκείνην
541 2807 770 2897 παρεστήσατο
783 2807 847 2879 οὐκ
861 2816 912 2881 ἔτι
925 2823 1038 2902 θαρρο

112 2935 176 2983 σαν
200 2907 447 2991 άντιτάξασθαι.
490 2907 607 2990 Οὕτως
633 2907 698 2999 άρα
723 2911 785 3002 τήν
812 2911 875 3002 μέν
901 2916 1038 3005 είλήφέι

114 3015 229 3101 δόξας,
244 3011 306 3103 τήν
322 3013 360 3083 δὲ
374 3011 506 3101 λαβών,
520 3011 721 3103 ἀμφοτέρων
734 3015 929 3104 ἐκράτησεν.

79 3139 95 3190 2
191 3122 383 3196 Πελοπίδας
415 3119 453 3184 έν
477 3122 641 3207 Θετταλία
666 3116 815 3208 ποταμόν
843 3117 1007 3211 διαβῆναι
1032 3156 1038 3209 γ

113 3218 300 3306 δυνάμενος
326 3219 547 3307 ἐπικειμένων
574 3227 762 3309 πολεμίων,
785 3224 1038 3312 στρατοπεδεύσ

111 3327 171 3393 τού
192 3327 342 3409 ποταμοῦ
361 3321 514 3412 πρόσθεν
534 3319 664 3413 χάρακα
686 3325 920 3415 περιεβάλετο·
949 3335 1038 3399 πολλΛ

111 3422 197 3514 ύλήν
209 3422 339 3513 τεμών,
361 3422 557 3505 ἀναπαύσας
570 3424 646 3506 τούς
661 3428 864 3517 στρατιάτας
880 3432 979 3501 νυκτὶ
992 3431 1038 3521 μέλ

109 3527 169 3599 τὸν
182 3527 309 3620 χάρακα
324 3530 515 3618 κατέφλεξε.
558 3533 625 3598 Τοῦ
639 3529 677 3598 δὲ
690 3528 797 3623 πυρὸς
809 3534 866 3603 ἐπὶ
879 3534 966 3623 μέγα
980 3540 1038 3623 αίρ
