2318 3892
477 191 631 252 ΕΚΤΟΝ.
979 187 1039 255 231

76 366 252 434 ἐπέθεντο.
295 367 341 432 Οί
360 362 398 432 θλ
418 358 531 452 ώσπερ
554 359 668 449 φάσμα
682 365 778 444 ξένον
791 367 847 435 καλ
860 364 1042 440 ἀλλόκοτον

76 471 306 556 φοβηθέντες,
333 471 417 535 ἔνιοι
445 465 483 534 δὲ
509 466 566 536 καὶ
594 472 791 553 νομίσαντες
811 466 933 551 άλλους
953 471 1040 542 εἶναι

54 568 155 650 ’τούς
175 570 445 657 ἐπιτιθεμένους,
467 563 662 657 ἡττήθησαν
680 571 737 639 καὶ
750 577 869 660 πτώμα
884 576 1040 661 ἐγένοντο

75 668 281 743 Θετταλικὸν
293 669 416 760 ἄνδρες
430 679 692 759 τετρακισχίλιοι.

46 795 57 835 ⁶
155 783 287 855 Φωκεῖς
306 772 368 863 τὴν
382 771 588 862 Θετταλικὴν
608 778 713 843 ἵππον
727 778 939 866 διέφθειραν.
972 779 1037 848 Τά·
1056 800 1073 851 2

72 905 166 968 φρον
179 875 358 968 ὀρύξαντες
371 875 454 947 κατά
464 873 644 964 Ὑάμπολιν
657 878 713 947 καλ
727 879 962 967 πληρώσαντες
976 880 1037 952 αὐ·
1095 913 1098 919 ·

71 979 138 1071 τὴν
159 985 270 1050 κενών
284 976 465 1070 ἀμφορέων
478 985 543 1067 γῆν
556 975 675 1067 ὀλίγην
688 984 862 1070 ἐπέβαλον.
894 981 944 1064 Ἐς
958 983 1037 1054 ταώ·

72 1111 138 1174 την
156 1081 219 1172 τὴν
234 1083 363 1171 τάφρον
384 1080 584 1173 ἐμπεσόντες
607 1088 642 1152 οί
660 1086 773 1164 ίππεῐς
790 1082 906 1166 αὐτοῖς
925 1091 1039 1168 ἵπποις

72 1186 324 1276 διεφθάρησαν.

32 1338 53 1424 ο
413 1361 454 1423 ιο.
474 1364 694 1421 nmmum.

154 1498 336 1569 Πλαταιεῖς
360 1494 520 1576 Θηβαίων
539 1494 662 1577 ἔλαβον
680 1488 918 1577 αἰχμαλώτους.
948 1488 1039 1560 Ἐπεὶ
1057 1519 1072 1571 1

72 1592 114 1666 βλ
127 1594 162 1673 ἐς
175 1591 237 1682 τὴν
249 1596 439 1661 Πλαταιίδα
452 1593 613 1677 ἐνέβαλον
628 1598 788 1679 Θηβαῖοι,
810 1592 941 1680 κήρυκα
955 1596 1037 1681 πέμ-

72 1711 200 1785 φαντες
221 1690 447 1783 ηπείλησαν’
429 1709 624 1762 αποκτεῖναι
638 1692 717 1773 τούς
742 1694 986 1781 αἰχμαλώτους,
1009 1701 1041 1763 εί

73 1828 120 1888 μη
132 1825 192 1886 της
204 1796 314 1922 χώρας
328 1797 515 1878 ἐξέλθοιεν,
530 1791 734 1876 [ἀποδώσειν
748 1792 816 1865 δέ
798 1799 993 1900 υπέσχοντο,
1009 1803 1040 1867 εί

31 1932 58 1977 π
75 1899 234 1992 δηώσεας
247 1896 469 2020 άποσχόμενοι
483 1893 760 1967 άπαλλάσσοιυτο.
792 1893 1039 1979 Πιστεάσαντες

72 2003 385 2093 νΘηβαῖοι
345 2027 403 2088 της
412 2026 520 2087 χωρας
530 2002 701 2088 ἐξηλθον]·
716 2002 948 2083 Πλαταιεῖςὸἐ
960 2028 1039 2083 τους
1074 2011 1076 2014 ⁴

74 2101 305 2195 αἰχμαλώτους
317 2100 529 2172 ἀπέκτειναν.

151 2216 333 2286 Πλαταιεῖς
357 2200 424 2303 ὑπὸ
449 2210 729 2291 Λακεδαιμονίων
761 2205 1073 2294 πολιορκούμενοιῖ

74 2309 209 2398 νύκτωρ
229 2310 391 2379 ἐπέθεντο
411 2313 459 2399 τώ
479 2313 755 2396 περιτειχίσματι·
776 2308 1038 2396 Λακεδαιμόνιοι

31 2448 59 2495 a
75 2410 226 2501 πυρσούς
240 2418 419 2498 πολεμίους
432 2412 465 2489 ἐς
478 2406 536 2488 τάς
550 2409 662 2497 Θήβας
674 2407 832 2499 άνέσχον,
847 2417 1038 2498 συμμαχίαν

74 2521 266 2594 καλοῦντες.
311 2522 491 2590 Πλαταιεῖς
522 2514 559 2579 ἐκ
588 2517 647 2599 τῆς
679 2510 808 2591 πόλεως
834 2511 1060 2605 άντανέσχον,

74 2616 225 2708 πυρσούς
239 2622 391 2704 φιλίους,
405 2619 461 2683 ἵνα
476 2611 532 2682 διὰ
545 2617 602 2700 τῆς
615 2616 833 2701 ἐπιπυρσείας
844 2613 1036 2703 ἀπατήσαν-

75 2749 128 2802 τες
161 2725 331 2809 Θηβαίους
364 2723 526 2787 πείσωσιν
557 2712 742 2804 ἆποστηναι
774 2722 831 2806 τῆς
864 2724 1037 2806 βοηθείας.

77 2821 178 2894 Οὕτω
192 2850 231 2910 γε
244 2837 313 2901 τοῖς
335 2823 499 2897 ἐναντίοις
513 2834 654 2906 πυρσοῖς
667 2815 953 2910 άμφιὸοξήσαντες
968 2829 1036 2909 Θη-

43 2960 64 3004 ς
76 2920 167 3016 βαῖοί
180 2929 350 3014 βοηθῆσαι
363 2921 593 3008 κατώκνησαν.

151 3037 332 3104 Πλαταιεῖς
346 3019 413 3093 ὑπὸ
421 3027 700 3111 Λακεδαιμονίων
714 3023 770 3091 καὶ
785 3027 945 3111 Θηβαίων
957 3023 1034 3090 ἐπο-
1053 3043 1071 3097 3

73 3135 283 3240 λιορκοῦντο.
305 3124 445 3248 ’ᾉνὸρες
459 3124 624 3196 διακόσιοι
635 3127 851 3213 Πλαταιέων,
871 3121 1036 3213 ίισέληνον

145 3359 214 3427 Gap.
236 3360 276 3410 18.
313 3363 338 3423 5
358 3361 383 3408 2
419 3360 463 3409 Ex
480 3354 584 3409 Herod
603 3355 634 3421 8,
653 3354 697 3407 28.

145 3376 213 3496 Gap.
235 3429 277 3482 19
316 3429 382 3492 5..l
418 3424 695 3490 ExThucyudM.

146 3445 216 3564 Cap.
235 3494 278 3549 19.
314 3498 382 3561 5..2
416 3498 459 3546 Ex
474 3493 598 3558 Thucyd.
617 3492 649 3556 3,
665 3493 699 3541 22
718 3493 787 3540 extr.

143 3566 212 3633 Cap.
234 3566 275 3619 19.
311 3569 336 3631 5
356 3565 382 3619 3.
416 3565 461 3617 Ex
478 3561 653 3630 ThucyM,
669 3561 785 3613 22-24.
