2318 3892
307 911 732 1013 PRAEFATIO.

104 1213 144 1279 Iu
167 1214 279 1278 Aenea
302 1211 432 1275 Taetieo
457 1214 598 1295 constat,
620 1214 793 1294 postquam
816 1208 904 1273 unici
932 1208 1027 1273 testis

45 1302 290 1368 [edioeicodieis
313 1300 467 1364 lectiones
490 1298 646 1363 Hercberi
673 1300 708 1361 in
731 1319 825 1362 usum
849 1318 952 1381 nuper
974 1296 1029 1361 de·

45 1414 81 1456 uo
106 1392 146 1455 ab
166 1390 304 1473 Iosepho
323 1388 458 1452 Mueller
477 1388 714 1451 accuratissime
734 1388 919 1469 exploratae
943 1388 1028 1469 sunt,

45 1480 208 1544 nendamli
238 1477 381 1542 subsidia
410 1476 617 1559 potissimum
647 1496 717 1539 esse
747 1474 928 1558 petendae
952 1494 1028 1537 eon-

45 1572 153 1634 etura:
183 1590 279 1651 quam
303 1565 489 1648 saepissime
514 1564 658 1628 adhiberi
682 1566 714 1627 et
735 1583 831 1646 posse
854 1565 887 1625 et
909 1561 1026 1625 debere

45 1656 134 1721 ‚hoo
159 1656 328 1738 scriptore,
357 1654 445 1717 euius
470 1653 574 1715 oratio
597 1652 803 1715 librariorum
827 1650 1027 1733 aliorumque

45 1745 72 1809 ri
94 1746 239 1829 legerent
262 1747 295 1807 et
317 1744 494 1806 tractarent
517 1743 549 1803 et
571 1741 702 1804 lieentia
725 1743 757 1803 et
779 1738 902 1804 incuria
916 1736 1027 1802 miser-

45 1854 93 1897 me
121 1832 233 1896 habita
256 1833 319 1915 est,
347 1852 419 1894 cum
441 1829 602 1912 prioribus
626 1828 820 1892 editionibus
844 1830 914 1891 tum
936 1848 1028 1911 prae-

45 1942 107 2005 pue
130 1920 352 1984 recentissima
370 1918 565 2000 Rudolphi
580 1917 763 2000 Hereher‚
786 1937 868 2002 quae
883 1913 1028 1979 Berolini

45 2009 134 2073 :odiit
160 2031 245 2072 anuo
269 2005 514 2090 MDCCOLXX‚
536 2007 701 2070 luculento
725 2004 869 2089 profecto
894 2003 1026 2069 demon-

45 2102 153 2161 ratum
169 2099 219 2160 est
233 2097 388 2179 exemplo.
421 2094 483 2170 Qui
506 2095 557 2157 uir
580 2095 784 2159 acutissimus
809 2116 882 2159 oum
904 2092 1027 2177 primus

45 2186 228 2249 itellexisset
255 2185 386 2267 purgari
413 2204 508 2266 posse
536 2183 665 2247 Aeneae
694 2182 875 2246 orationem
897 2182 1027 2247 labibus

45 2274 79 2337 b's
103 2273 254 2357 indignis
279 2272 394 2355 quibus
419 2274 494 2335 ante
517 2293 589 2334 eum
613 2275 682 2335 erat
706 2271 955 2353 commaculata,
977 2292 1027 2335 re-

45 2362 106 2425 itui
120 2383 214 2444 posse
227 2361 354 2425 reiectis
370 2359 518 2424 sordibus
532 2381 643 2423 ueram
658 2359 824 2443 scriptoris
840 2356 1027 2445 imaginem,

45 2451 142 2513 ralem
165 2450 263 2514 fuisse
288 2454 320 2513 et
343 2452 432 2512 aetas
455 2451 593 2511 testatur
617 2471 680 2531 qua
703 2448 785 2511 uixit
807 2451 840 2511 et
857 2447 944 2511 bona
962 2469 1028 2533 qua

45 2538 181 2602 uebatur
204 2538 288 2621 apud
312 2541 436 2601 ueteres
461 2537 664 2618 existimatio,
683 2557 743 2621 ego
764 2536 840 2620 quid
859 2557 947 2600 noua
964 2536 1027 2603 hae

45 2627 168 2704 litione,
201 2648 283 2709 quae
315 2648 391 2709 pars
420 2629 504 2689 esset
531 2624 746 2690 bibliothecae
774 2624 1026 2709 Teubnerianee,

45 2715 113 2778 ziam
136 2719 213 2798 post
235 2714 391 2778 Hereheri
415 2714 564 2777 eximiam
588 2735 719 2797 operam
742 2718 906 2798 praestare
929 2736 1026 2797 posse

46 2803 94 2866 ihi
115 2804 250 2887 uiderer,
272 2803 376 2867 fusius
400 2802 533 2886 exposui
555 2802 675 2888 libello,
698 2804 748 2866 eui
766 2802 958 2885 inscriptum
976 2806 1027 2867 est

45 2890 320 2976 Prolegomena
355 2892 492 2956 critica
524 2892 570 2954 ael
597 2890 748 2956 Aeneae
780 2889 1026 2974 editionem“‚

45 2980 102 3044 lito
121 2980 177 3044 illo
198 2980 239 3044 ad
258 3002 350 3044 saera
368 2980 590 3043 anniuersaria
603 2979 825 3044 uniuersitatis
840 2977 1025 3043 Turioensis

45 3068 107 3132 iius
131 3069 208 3132 anni
232 3066 443 3151 indicenda*).
489 3069 541 3132 Ad
563 3069 643 3134 haee
666 3069 766 3153 igitur
788 3066 1024 3153 Prolegomena

47 3157 117 3222 ‘lise
148 3159 293 3221 locorum
331 3158 544 3221 tractatorum
576 3157 702 3221 mnnita
734 3159 894 3242 relegatos
925 3155 1024 3221 uelim

45 3271 65 3310 »s
93 3246 237 3328 lectores,
261 3266 397 3329 quorum
410 3244 539 3309 intersit
552 3266 666 3309 causas
681 3265 884 3331 cognoscere,
907 3244 1023 3329 quibus

45 3334 171 3399 leuatus
205 3336 262 3397 aut
294 3333 504 3398 coniectando
538 3334 628 3398 loros
661 3334 818 3419 quosdam
848 3332 1023 3400 mutandos

83 3507 106 3577 ⁹)
125 3507 235 3563 Venum
253 3508 303 3563 <lat
320 3507 449 3563 libellum
467 3508 498 3563 B.
517 3508 549 3563 G.
570 3508 737 3565 Teubnerus.
