2318 3892
96 169 137 228 40
485 171 674 231 ΒΙΒΛΙΟΝ

97 355 166 420 τοῖς
180 339 243 427 μὲν
256 347 488 429 νεωτερίζουσι
508 340 598 434 λόγῳ
620 330 804 428 χαλεπὸς
782 368 849 428 ήν,
865 352 941 423 τοϊς
959 341 995 411 δδ
1009 346 1047 431 δή
1085 372 1098 431 μ

99 441 214 532 μόταις
243 445 444 531 ἐλευθερίαν
468 443 702 533 συμπράσσειν
729 445 976 545 ἐπηγγέλλετο.
1008 453 1049 513 Πι-
1086 476 1098 533 μ

99 545 239 626 στεόσας
252 573 269 613 ο
258 542 387 633 δῆμος
400 546 606 641 Λυσάνδρῳ,
629 543 754 718 χρίηστά
773 522 969 634 λέγοντι,-’
939 544 1050 635 -απαρό
1088 558 1098 617 λ

100 672 220 728 σκευος
241 645 411 736 ήλπιζετά
437 653 677 736 βελτίονα.ίο
695 654 791 737 φίλοι
809 654 927 745 κοινῷ
949 648 1050 739 συνδή
1090 680 1098 738 q

100 779 179 841 ματι
192 753 447 837 ἐπανίστανται,
469 754 525 821 καὶ
538 780 584 821 τω
570 676 721 846 δήμωφ
714 752 1050 841 προσπεσόντεςιιτιί
1079 783 1098 823 ιι

101 873 199 924 νουσι
220 853 381 942 πολλοὺς,
413 851 509 924 καὶ
492 884 512 943 η
535 845 727 943 Μίλητος
706 883 750 944 ην
768 850 841 925 ὑπὸ
871 870 949 938 τοῖς
969 862 1051 945 φίλοις

101 955 316 1046 Λυσάνδρου.

68 1069 85 1119 2
172 1056 227 1127 'Ev
240 1056 344 1145 Αίγὸς
358 1072 516 1146 ποταμοῖς
518 1054 694 1147 Αθηναῖοι
707 1057 866 1148 τετράκις
877 1057 1053 1151 ἄνήχδησυ

103 1159 159 1248 ἐφ’
177 1151 203 1254 ᾧ
221 1186 257 1230 τε
273 1177 475 1249 ναυμαχεῖν,
496 1160 695 1248 Λύσανδρος
713 1157 879 1234 δΛάκων
891 1162 962 1235 οὐκ
980 1160 1053 1235 ἄνευ

103 1261 232 1352 νήγετο.
275 1268 320 1331 Οἱ
346 1264 408 1352 μὲν
435 1260 642 1332 άποπλέουσι
669 1263 902 1355 γαννόμενοὶ,
935 1270 1053 1345 παιᾶνες
1070 1300 1097 1344 ,ι

105 1364 259 1459 ᾅδοντες·
274 1365 473 1453 Λύσανδρος
487 1367 525 1435 δὲ
538 1366 681 1436 κατόπιν
698 1369 821 1455 πέμπει
836 1368 906 1441 δύο
919 1370 1052 1462 τριήρει

107 1472 153 1538 OC
171 1468 362 1558 τριήραρχοι
390 1467 468 1548 τούς
486 1465 689 1558 ’Λθήναίους
711 1469 880 1558 ἐκβάντας
903 1468 956 1555 ώς
976 1472 1054 1555 εἴδω,

104 1587 243 1659 σημεῖον
257 1573 425 1661 μετέωρον
438 1581 571 1658 αίρουσι
578 1578 706 1660 χαλκῆν
714 1569 852 1642 νἰσπίδα.
873 1574 1055 1663 Λύσανδροι

104 1671 225 1745 αὐτίκα
238 1671 454 1762 διιεσήμανεν
468 1678 644 1757 ἐπίπλουν,
659 1676 715 1744 καί
728 1679 763 1745 οί
767 1673 937 1759 Λάκωνες
951 1684 1056 1769 εἰρεσίᾳ

104 1783 212 1869 πολλή
233 1781 428 1847 ἐπιπλέουσι
450 1779 506 1847 καὶ
535 1804 614 1857 τους
633 1774 835 1866 Ἀθήυαίονς
855 1779 1055 1871 καταλαμβό·

105 1900 224 1950 νουσιν
250 1879 327 1970 άρτι
353 1878 532 1968 ἐκβάντας·
564 1884 600 1948 οί
626 1877 732 1968 μέν’
714 1879 952 1971 ανεπαάοντο,
982 1889 1014 1953 οἱ
1033 1880 1098 1987 δλ

49 2036 52 2042 -
104 1980 204 2062 άλλος
224 1979 307 2052 άλλό
327 2011 358 2050 τι
380 1988 480 2071 ἐδρα,
514 1974 635 2071 γυμνοὶ
662 1982 891 2063 πάντες.οί
913 1952 1098 2064 Λάκωνες

104 2082 204 2214 άφυω
220 2083 465 2176 προσπεσόντες
481 2080 685 2173 ὠπλισμένοι
706 2100 865 2176 γυμνοῖς,
887 2092 1060 2177 συντεταγ·

106 2215 201 2277 μενοι
213 2185 446 2274 ασυντακτοις,
468 2192 645 2276 ἐνίκησαν·
667 2193 821 2277 αίροῦσιν
842 2194 1062 2281 αἰχμαλώτους

106 2293 164 2360 καὶ
176 2290 234 2372 τάς
248 2291 393 2382 τριήρεις
405 2287 551 2376 ἁπάσας,
574 2287 625 2359 ὅτι
638 2290 683 2380 μή
699 2288 792 2381 μίαή
810 2293 976 2382 Πάραλος
992 2301 1061 2384 ἔφυ·

107 2421 168 2481 γεν
182 2390 343 2482 Ἀθήναζε
360 2392 445 2482 μόνη
461 2401 517 2482 τής
532 2390 630 2481 ήττης
644 2392 793 2482 ἅγγελος.

74 2511 91 2563 3
186 2495 384 2585 Λύσανδρος
398 2496 648 2585 παρήγγελλεν,
670 2499 837 2579 ἐξαπατᾶν
849 2502 978 2588 χρῆναι
996 2512 1064 2570 παλ·

109 2606 169 2679 δας
184 2599 246 2688 μὲν
259 2597 495 2688 ἀστραγάλοις,
511 2604 691 2687 πολεμίους
704 2600 743 2670 δὲ
758 2596 882 2691 ὅρκοις.

72 2715 90 2766 4
182 2701 381 2787 Λύσανδρος
413 2701 575 2790 ἐκράτησε
603 2708 758 2789 Θασίων,
792 2700 874 2791 παρ’
910 2697 965 2785 οἷς
988 2694 1068 2793 ἦσαν

106 2800 325 2887 άττικίζοντες
337 2805 465 2888 πολλοὶ,
481 2803 780 2893 κρυπτόμενοιτοῦ
786 2803 951 2886 Λάκωνος
966 2806 1066 2899 φόβφ.

101 2900 137 2975 ‘0
152 2907 204 2992 δἐ,
218 2904 296 2986 τοὺς
311 2913 455 2984 Θασίους
468 2909 502 2986 ἐς
514 2904 552 2975 τὰ
564 2912 626 2975 τοῦ
635 2903 837 2996 Ἡρακλέους
856 2903 954 2997 ἱερὸν
968 2929 1068 2979 συνα-

107 3008 239 3096 γαγών,
269 3008 534 3100 φιλανθρώπους
554 3008 675 3096 λόγους
700 3013 895 3098 διεξῆλθεν·
923 3005 974 3092 ώς
996 3012 1070 3081 δέον
1095 3002 1098 3055 ¹

107 3112 313 3201 συγγνώμην
333 3118 423 3200 ἔχειν
435 3125 506 3190 τοῖς
520 3114 761 3201 κρυπτομένοις
783 3115 821 3182 ἐν
840 3117 883 3201 νή
904 3117 1070 3204 μεταβολῇ

106 3220 176 3285 τῶν
198 3215 418 3306 πραγμάτων,
445 3215 502 3283 καὶ
520 3224 664 3305 θαρρεῖν
686 3213 800 3297 αὐτοῖς
818 3220 1012 3307 προσῆκον,
1030 3211 1071 3295 ὥς

100 3392 105 3399 ,
110 3388 337 3398 —--...—---—.

177 3478 243 3544 cap.
262 3479 305 3528 45.
342 3485 365 3543 ς.
385 3462 410 3530 ε.
446 3470 712 3544 Plut.Lysand.11.
812 3481 830 3547 ς

176 3546 242 3612 Cap.
263 3548 306 3597 45.
344 3551 369 3611 §-
387 3547 413 3600 3.
449 3549 521 3601 Plut.
538 3549 657 3615 Lysand.
673 3549 699 3603 8.
