2318 3892
141 214 181 275 26
228 181 232 184 ’
528 212 715 273 οιολιοα

140 383 217 464 τούς
232 377 409 473 πατέρας.”
444 382 582 453 Τούτων
601 382 934 472 ἀναγινωσκομένων
953 382 1099 471 βασιλεὺς

140 485 218 566 τούς
227 484 345 567 Ἴωνας
358 482 530 566 ὑπόπτους
541 481 695 575 ῆγῆσατο.

89 595 162 676 8(7)
221 595 445 677 Θεμιστοκλῆς
468 589 606 675 φεύγων
625 585 842 676 Ἀθηναίους,
864 584 958 668 νεώς
982 585 1101 677 ἐπιβὰς,

139 691 365 780 ἀγνοούμενος
388 696 553 781 ἐκομίζετο
583 689 646 779 τῆν
666 692 721 760 ἐπί
737 686 873 768 Ἰωνίας.
911 686 1014 760 Ἐπεὶ
1037 686 1103 779 δδῆ

82 793 84 797 ’
139 800 222 875 ναύς
235 793 301 864 ὑπὸ
316 801 477 883 χειμῶνος
491 796 545 863 ἐπὶ
560 793 678 880 Νάξον,
687 795 887 882 κατεφέρετο
902 802 1117 884 πολιορκον-ι
1137 778 1143 795 ’

140 900 244 986 μίυην
264 895 322 968 ὑπ’
337 895 546 986 Ἀθηναίων,
563 902 610 990 τῷ
623 895 802 989 ναυκλήρῳ
818 899 996 983 φοβηθεὶς
1008 903 1103 987 ἔφρα-

140 1022 200 1070 σεν
226 998 311 1080 ὅςτις
340 1011 402 1088 είη.
440 1001 507 1068 Καὶ
528 1005 559 1068 εί
580 996 624 1089 μῆ
647 997 789 1069 σώσειεν
807 994 934 1091 αὐτόν,
955 1013 1105 1088 κατερεῖν

139 1102 322 1192 ἠπείλησεν
344 1100 552 1191 Ἀθηναίοις,
586 1098 630 1182 ώς
649 1101 792 1191 χρήμασι
818 1096 928 1169 αὐτόν
957 1103 1106 1181 πεισθείς

140 1204 216 1293 ἀγοι
229 1227 236 1242 ·
248 1203 338 1284 ὅπως
352 1196 414 1274 οὖν
428 1202 610 1293 ἀμφότεροι
627 1215 794 1290 σωθεῑεν,
812 1203 933 1291 μηδείς
947 1197 1047 1290 (οὖν)
1061 1207 1077 1275 ἐ
1094 1243 1105 1255 ·

140 1310 283 1395 βαινέτω
304 1311 363 1395 τῆς
376 1306 471 1387 νεώς.
505 1302 540 1375 ‘0
555 1304 741 1394 ναύκληρος
765 1307 936 1393 φοβηθείς
960 1305 1046 1378 ου”τε
1062 1311 1123 1377 ἑτι-ι

140 1415 241 1498 βῆναι
281 1410 513 1500 συνεχώρησε,
560 1411 617 1478 καλ
655 1406 846 1499 ἀναχθῆναι
888 1407 952 1479 διὰ
991 1411 1105 1501 τύχους

140 1519 314 1582 ἔσπευσεν.
887 1510 891 1517 ’

469 1655 512 1712 31.
532 1657 768 1710 ΑΡΙΣΤΕΙΔΗΣ.

209 1765 415 1858 Ἀριστείδης
430 1769 485 1835 καί
502 1772 741 1856 Θεμιστοκλῆς,
751 1763 956 1856 ’ἐχθρότατοι
971 1766 1105 1837 πάντων

141 1869 251 1957 όντες,
274 1868 552 1939 διεπολιτεύουτο.
591 1874 658 1938 Τοῦ
673 1868 710 1937 δὲ
727 1871 862 1959 Πέρσου
877 1865 919 1957 δῆ
943 1870 1127 1956 ἐπιόντος,ι

141 1969 295 2061 ἀλλῆλων
311 1971 508 2060 λαβόμενοι,
527 1975 584 2060 τῆς
598 1970 726 2052 πόλεως
739 1974 800 2054 ἔξω
815 1970 1067 2063 προελθόντες,
1080 1976 1106 2053 ἐς

141 2072 264 2143 ταύτὸν
279 2074 431 2164 ἑκάτερος
441 2073 501 2164 τῆν
511 2072 625 2157 δεξιάν
638 2089 732 2164 χεῖρα
746 2075 922 2154 καθιέντες
937 2080 1104 2167 συνηγμέ-

141 2206 212 2246 νων
225 2182 292 2247 τώυ
302 2177 477 2248 δακτύλων
485 2176 702 2265 ἐπεφώνουν·
712 2173 730 2200 “
740 2176 809 2266 Τῆν
818 2181 948 2266 ἔχθραν
956 2180 1106 2250 ἐνταῦθα

141 2282 407 2370 κατατιθέμεθα,
428 2283 491 2360 ἕως
513 2275 556 2350 ἀν
576 2277 658 2367 πρὸς
677 2276 735 2348 τὸν
747 2282 884 2370 Πέρσην
899 2281 1105 2373 διαπολεμῆ·

140 2380 284 2472 σωμεν.”
307 2380 407 2452 Ταῦτ’
420 2383 580 2469 εἰπόντες,
594 2380 735 2470 ἀραντες
744 2381 802 2463 τάς
812 2397 935 2472 χεῖρας,
945 2389 1103 2456 διαλελν-
1117 2414 1132 2452 ιι

140 2489 252 2572 με’νων
265 2491 333 2555 τών
344 2486 530 2573 δακτύλων,
543 2481 586 2566 ώς
600 2485 643 2575 δή
655 2513 686 2554 τι
697 2474 982 2572 κατατεθεικότες,
992 2493 1107 2560 ἔπειτα

139 2587 372 2674 συγχώσαντες
387 2587 446 2659 τόν
465 2589 595 2678 βόθρου
614 2593 810 2677 ἐπανῆλθον
828 2589 884 2657 καὶ
912 2592 1106 2663 διετέλεσαν

141 2688 229 2780 παρά
259 2690 366 2759 πάντα
391 2689 450 2760 τόν
477 2691 623 2778 πόλεμον
643 2687 872 2778 ὁμονοοῦντες.
911 2686 1015 2788 Ἡδὲ
1042 2699 1106 2764 τῶν

140 2798 335 2880 στρατηγῶν
354 2786 493 2883 ὁμόνοια
513 2793 654 2884 μάλιστα
680 2792 722 2884 δῆ
736 2792 814 2875 τοὺς
826 2793 1025 2884 βαρβύρους
1039 2801 1105 2868 ἐνί-

139 2914 251 2983 κησεν.
1119 2932 1136 2969 ι·

486 3041 530 3097 32.
549 3041 752 3096 ΛΕΩΝΙΔΑΣ.

107 3168 116 3217 1
217 3156 391 3230 Λεωνίδας
419 3153 456 3220 ἐν
486 3151 718 3239 Θερμοπύλαις
746 3147 1039 3239 παραταξάμενος,
1065 3156 1105 3239 τῆ

140 3252 310 3340 στενότητι
324 3259 384 3323 τού
397 3262 522 3344 χωρίου
536 3250 877 3350 ἀχρείονιὲποίησεςτὸ
889 3256 1023 3340 πλῆθος
1036 3257 1105 3323 τῶν

137 3355 329 3444 βαρβάρων.

210 3582 280 3648 Cap.
298 3583 339 3635 30.
378 3587 403 3648 ἐ.
422 3584 447 3637 8.
483 3583 1074 3652 Τλιαογδ.1,137οο11.Ρ1ιιτΤλιοω.25.
