2318 3892
99 214 159 279 204
496 206 682 278 BIBJHON

99 392 296 476 πολεμίους,
324 384 550 475 ἀναλαβόντες
576 385 617 455 τά
645 382 732 464 ὅπλα
759 388 796 457 ἐν
824 384 913 471 τάξει

100 490 261 578 ἐβάδιζον.

477 669 520 722 30.
541 671 682 722 ΧΙΛΙΟΣ.

178 805 292 877 Χίλεος
313 792 433 885 Ἀρκάς
462 797 499 864 ἐν
517 801 745 883 Λακεδαίμονι
769 801 927 887 διατρίβω

76 905 78 910 ’
100 900 177 971 θῦν
189 898 402 988 Σπαρτιάτας
421 900 712 987 βεβουλευμένους
730 897 789 969 τόν
809 896 927 988 Ἰσθμῦ

18 1026 23 1033 “
102 1015 188 1092 ζειν,
214 992 416 1092 Ἀθηναίους
444 1001 481 1071 δὲ
508 1002 564 1069 καὶ
591 999 690 1085 [τοῦς]
720 1004 781 1084 ἔξω
802 1010 927 1073 Πελοπι

103 1114 299 1196 προίεσθαι,
320 1119 499 1194 προεῖπεν,
527 1099 747 1192 “Ἇθνχναίων
771 1106 827 1174 καὶ
855 1111 927 1174 νῦν

97 1206 266 1299 Ἑλλήνων
289 1206 328 1276 τά
350 1211 458 1276 οίιιεῐα
479 1203 561 1295 πρὸς
583 1205 662 1287 τοῦς
681 1207 814 1296 Πέρσας
834 1198 875 1277 εῦ
898 1219 927 1278 θ

103 1308 227 1391 πολλάς
249 1307 419 1398 διαβάσεις
438 1311 571 1391 ἕξουσιν
595 1315 642 1391 είς
663 1308 725 1398 τὴν
750 1310 927 1382 Πελοπόνι

102 1408 299 1503 βάρβαροι.”
336 1411 450 1505 Τοῦτμ
471 1410 621 1505 τῷλόγῳ
640 1415 835 1495 πεισθέντες
849 1420 885 1484 οί
895 1423 927 1483 Λ

102 1523 148 1610 τῷ
176 1514 298 1608 Ἰσθμῷ
324 1512 435 1605 μακρά
473 1518 603 1603 χαίρειν
632 1514 798 1603 εἰπόντες,
836 1520 927 1588 ἐκοιν

100 1625 162 1691 τοῦ
175 1622 322 1707 πολέμου
335 1625 416 1689 πάσι
429 1614 669 1706 τοῑςἝλλησιν.

454 1797 492 1852 ³1.
512 1799 710 1854 ΚΤΨΕΛΟΣ.

179 1924 335 2008 Κύψελος
359 1921 437 2003 τοῦς
465 1923 752 2012 ἐπιφανεστάτους
777 1929 845 1994 νῦν
866 1933 927 1994 Βαι

102 2026 254 2115 θεωροῦς
274 2029 405 2115 πέμψας
427 2031 474 2107 είς
495 2025 672 2115 Δελφοῦς,
702 2023 747 2108 ῦς
772 2029 851 2117 περὶ
870 2033 927 2117 τῆς

102 2136 301 2220 Κορινθίων
321 2135 486 2219 σωτηρίας
506 2129 695 2219 χριόμενος,
718 2127 861 2200 ἀπεῖπεν
881 2128 927 2200 αῦ

104 2239 291 2321 Κορινθίας
304 2229 350 2321 μὴ
364 2234 570 2323 ἐπιβαίνειν·
589 2234 645 2302 καί
659 2238 720 2302 τοῦ
732 2240 852 2304 λοιποῦ
864 2231 927 2323 τὴν

101 2341 187 2417 νίδαΙ
207 2337 388 2429 κατέσχεν.
404 2332 578 2424 άσφαλῦς,
612 2333 691 2443 τοῦς
718 2333 927 2424 εῦχενεστάτι

101 2437 226 2527 βαλάν.

295 2639 298 2646 ·
417 2615 458 2671 32.
478 2618 745 2672 ΤΕΛΕΣΙΝΙΚΟΣ.

68 2756 82 2808 1
110 2731 113 2736 ’
185 2749 394 2821 Τελεσίνικος
409 2749 595 2830 Κορίνθιος
613 2746 650 2813 ἐν
672 2748 718 2838 τῷ
737 2744 847 2832 λιμένι
866 2746 927 2812 τοῦτ

102 2851 250 2912 κουσίων
270 2842 449 2931 ἐναυμάχει
472 2843 555 2933 πρὸς
577 2842 791 2933 Ἀθηναίους.
830 2842 920 2914 Ἐπεὶ

103 2955 260 3016 πλεῖστον
280 2949 338 3032 τῆς
357 2941 481 3031 ἡμέρας
503 2953 753 3032 ναυμαχοῦντες
774 2943 920 3014 ἐπόνουν

102 3075 176 3119 τιον
198 3049 329 3136 πέμψας
357 3048 391 3125 ἐς
417 3043 479 3133 τὴν
506 3045 605 3114 πόλιν
632 3050 700 3115 τῶν
726 3055 927 3136 Συρακουσί

101 3149 228 3239 άχορόιν
255 3151 431 3219 ἐκέλευσεν
457 3149 512 3217 ἐπὶ
531 3144 590 3217 τὸν
610 3151 727 3236 λιμένα
746 3155 905 3237 νομίζειν.

102 3253 347 3342 κεκομισμένην
365 3249 454 3336 είὸε,
478 3266 615 3339 σημεῖον
629 3249 729 3340 άρας,
756 3249 927 3339 άιιρίτουτ

102 3363 221 3448 μαχίας
234 3351 336 3443 οῦσης
350 3350 505 3442 άπῆλθεν
520 3354 575 3423 ἐπὶ
592 3351 799 3442 τόνλιμένα.
842 3358 888 3423 ol
906 3359 926 3423 ὁ

103 3475 192 3530 ναῖοι
213 3459 269 3530 καὶ
291 3454 389 3528 αῦτοὶ
415 3454 472 3527 διά
496 3455 616 3548 τάχους
642 3452 793 3545 ιἰσμένως
816 3453 927 3528 άπαλλ

103 3565 157 3632 ἐπὶ
171 3559 233 3650 τὴν
246 3563 309 3650 νῦν
321 3557 616 3650 ἠριστοποιοῦντο,
636 3555 736 3640 ἄλλος
756 3556 843 3650 άλλμ
862 3565 927 3632 διαι
