2318 3892
310 233 313 238 ·
426 216 653 280 ΤΕΤΑΡΤΟΝ.
965 220 1026 283 137

60 388 178 478 κύκλῳ
192 392 250 478 τῆς
263 392 386 476 σκηνῆς
402 385 440 457 τὸ
452 393 522 457 τοῖν
537 388 732 475 ἐλεφάντων
745 386 856 480 άγημα
870 396 1026 462 διεσκευὲ

63 495 212 580 ασμένον
246 491 439 580 ἐφεστήκει,
472 493 529 560 καλ
554 492 755 572 Μακεδόνες
781 502 881 580 χίλιοι
906 493 1026 574 στολάς
1133 517 1135 521 ·

63 593 306 674 Μακεδονικὰς
320 600 459 680 ἔχοντες.
483 591 555 663 Ἐπὶ
569 595 699 676 τούτοις
712 589 925 666 πεντακόσιοι
935 597 1023 666 Σού-

65 717 134 768 σιοι
153 695 489 785 πορφυροσχήμονες,
517 699 574 765 καί
593 696 676 785 μετά
695 698 836 780 τούτους
854 701 893 771 έν
911 700 1025 792 κύκλῳ

31 823 47 864 ε
65 799 204 869 πάντων
218 801 346 885 Πέρσαι
360 799 491 886 μύριοι,
511 805 656 887 Περσῶν
668 807 703 870 οἱ
712 801 882 871 κάλλιστοι
896 803 1023 891 καὶμέ-

64 923 192 990 γιστοι,
207 901 514 989 κεκαλλωπισμέυοι
526 903 626 971 παντί
633 903 746 997 κόσμῳ
757 909 926 998 Περσικῷ,
940 904 1025 974 πάν-

63 1032 122 1084 τες
148 1001 308 1088 ἀκινάκας
336 1009 477 1091 ἔχοντες.
516 1003 656 1076 Τοιόνδε
681 998 725 1094 ἦν
745 1003 965 1097 Ἀλεξάνδρου
988 1005 1026 1076 τὸ

66 1106 284 1194 δικαστήριον
298 1110 416 1187 ἐντοῖς
429 1107 619 1196 βαρβάροις.

140 1206 369 1300 Ἀλέξανδρος,
390 1209 453 1298 τὴν
465 1208 617 1299 άνυδρον
633 1207 781 1296 ὁδεύων,
795 1208 895 1292 αύτός
910 1238 946 1281 τε
958 1207 1025 1281 ύπό
1043 1227 1078 1279 25

13 1335 49 1378 ιο
67 1318 189 1397 δίψους
204 1311 316 1381 ἐπόνει
332 1315 389 1381 καί
403 1317 438 1381 ολ
450 1313 658 1395 Μακεδόνες.
694 1318 741 1382 Οί
752 1314 954 1385 κατάσκοποι
970 1319 1028 1403 τῆς

66 1414 192 1504 χώρας,
222 1416 260 1484 ἐν
288 1421 384 1504 κοίλῃ
412 1417 518 1508 πέτρᾳ
537 1415 679 1505 σμικρὰν
698 1413 840 1487 ύδάτιου
861 1413 1027 1506 εὑρόντες,

66 1522 167 1587 τοῦτο
187 1515 347 1605 βαλόντες
374 1519 428 1587 ἐπὶ
457 1519 579 1606 κράνος
598 1517 803 1613 Ἀλεξάνδρῳ
823 1527 1027 1609 κομίζουσιν.

62 1618 99 1690 Ὁ
117 1620 172 1706 δέ,
196 1626 237 1709 τῇ
252 1626 390 1712 στρατιᾷ
408 1625 534 1706 δείξας,
550 1618 595 1702 ύς
609 1619 775 1709 εύθυμεῑν
788 1621 850 1710 χρὴ
865 1624 1029 1710 φανέντος

67 1720 201 1808 ὕδατος,
214 1719 314 1802 αὐτὸς
322 1721 462 1811 μὴπιών
476 1726 582 1810 ἐξέχεε
592 1722 630 1793 τὸ
640 1723 762 1811 κράνος
769 1724 907 1794 πάντων
919 1721 1028 1812 ὁρων-

29 1851 52 1894 ιο
68 1854 148 1896 των.
197 1825 465 1905 ΟίιΜακεδόνες
489 1823 712 1908 ἀλαλάξαντες
743 1826 901 1896 ἐκέλευον
926 1823 1030 1895 αὐτὸν
1097 1904 1105 1917 ,

67 1926 227 2019 ἡγεῖσθαι
239 1933 297 2016 τῆς
310 1925 409 2013 ὁδού,
424 1926 506 2015 πρὸς
519 1928 557 1997 τὸ
571 1935 669 2012 δίψος
686 1925 861 2017 εύρύστως
871 1926 1028 2017 ἀντέχον-
1100 1929 1106 1936 ’

67 2058 122 2113 τες
137 2026 192 2099 διά
205 2028 268 2119 τὴν
280 2030 342 2100 τοῦ
356 2034 519 2119 βασιλέως
532 2032 740 2120 ἐγκράτειαν.

94 2182 99 2195 .
142 2130 357 2223 Ἀλέξανδρος
371 2136 425 2204 ἐπὶ
440 2128 594 2224 ποταμὸν
602 2133 661 2204 τὸν
679 2142 798 2223 Τίγριν
811 2134 942 2223 φθάσαι
956 2144 1028 2203 Aa·
1047 2151 1083 2206 26

68 2251 163 2325 ρεῐον
177 2233 344 2324 ἠπείγετο.
371 2237 525 2308 Πανικὸν
537 2236 602 2308 άπό
616 2244 675 2325 τῆς
687 2235 848 2325 οὐραγίας
863 2241 955 2328 διῇξε
969 2234 1032 2324 τὴν

32 2361 53 2406 ιο
69 2336 229 2423 στρατιάν
244 2346 364 2410 πᾶσαν.
391 2336 427 2408 ‘O
443 2339 601 2429 βασιλεύς
616 2342 771 2409 ἐκέλευσε
786 2343 832 2432 τῷ
846 2344 1034 2428 σαλπιγκτῇ

68 2438 282 2529 ύποσημῆναι
303 2456 442 2529 σημεῖον
462 2439 622 2531 άφοβίας,
642 2457 712 2522 τοϊς
731 2441 769 2510 δὲ
787 2441 1034 2529 πρωτοστάταις
1086 2469 1093 2482 ·

70 2549 140 2614 τῶν
154 2549 264 2626 πεζῶν
277 2546 402 2613 θέσθαι
418 2542 460 2612 τά
474 2542 561 2614 ὅπλα
574 2543 638 2633 πρὸ
652 2550 721 2612 τῶν
735 2550 851 2612 ποδῶν
863 2545 919 2612 καὶ
934 2549 1033 2611 τοῦτο’
1126 2630 1128 2634 .

70 2646 211 2736 φράζειν
217 2662 286 2725 τοῖς
300 2643 370 2735 μετ’
387 2643 520 2728 αύτούς.
541 2651 608 2716 Καὶ
621 2645 665 2735 δὴ
674 2645 795 2726 πάντες
804 2649 922 2734 ἐφεξῆς
934 2650 1032 2714 τούτο

10 2812 12 2837 ,
68 2746 295 2838 Ποιήσαντες,
317 2756 447 2838 ἐμαθου
465 2749 528 2837 τὴν
547 2755 659 2818 αίτίαν
680 2754 741 2818 τοῦ
755 2749 876 2838 φόβου.
913 2746 957 2817 Τὸ
971 2749 1034 2836 μὲν

23 2863 52 2912 ²⁵
70 2849 226 2923 Πανικόν
241 2853 393 2922 ἐλέλυτο·
409 2855 444 2920 ολ
449 2858 648 2942 στρατιῶται
658 2851 706 2940 δέ,
714 2850 876 2941 ἀράμενοι
883 2850 924 2920 τά
935 2848 1032 2935 ὅπλα,

71 2954 254 3046 προῄεσαν.

146 3055 361 3143 Ἀλέξανδρος
371 3057 408 3125 ἐν
416 3053 588 3145 Ἀρβήλοις
597 3068 746 3143 Δαρεῖον
754 3059 918 3142 ἐνίκησεν.
939 3061 1031 3140 Φρα·
1051 3066 1101 3126 27'

71 3159 232 3248 σαόρτιγς,
246 3163 396 3244 Δαρείου
410 3157 593 3248 συγγενὴς,
615 3157 744 3246 πολλὴν
757 3172 850 3246 χεῖρα
863 3153 1035 3245 Περσικὴν

71 3270 179 3352 ἔχων,
195 3263 365 3350 ἐφύλασσε
377 3259 436 3341 τάς
451 3266 622 3342 Σουσίδας
636 3261 752 3341 πύλας·
769 3264 807 3329 αί
817 3260 855 3329 δέ
869 3255 934 3348 άροι
948 3261 1035 3328 είσὶν

143 3521 210 3592 Cap.
234 3523 262 3576 3.
303 3524 387 3589 ᾗλό.
430 3524 543 3592 (Βεεοτ.
565 3525 712 3590 Arsanias,
740 3523 813 3578 Viol.
841 3522 1034 3592 apophthegm.
1130 3546 1132 3551 ·

69 3593 149 3647 Alex.
166 3608 213 3661 pg.
230 3592 265 3646 98
281 3592 386 3659 Walz.)
