2318 3892
427 191 658 255 HEMHTON.
964 190 1021 255 181

55 389 135 433 νετο
161 357 294 450 στόσις,
326 358 350 452 ἢ
384 365 529 455 παρέσχε
556 373 729 459 Διονυσίῳ
754 364 916 455 Μεσήνης
942 393 1024 454 κρα-

55 469 167 556 τῆσαι.

136 564 320 648 Διονύσιος
332 569 371 636 έν
385 565 507 637 σπόνει
521 567 701 659 χρημάτων
713 568 803 658 παρὰ
817 573 886 638 τῶν
899 574 1072 656 ato-1809)

55 674 163 741 λιτῶν
189 666 399 760 είσφορόις”
377 690 465 762 ητει
494 677 563 739 τῶν
589 673 628 742 δὲ
654 673 813 753 πολλάκις
838 676 1023 743 δεδωκέναι

55 771 279 863 φασκόντων,
299 772 375 861 βιόζ
359 781 475 857 ζεσθαι
494 772 615 860 μέν’
577 801 640 845 ουκ
660 781 758 862 ἔγνω.
785 774 972 844 Διαλιπῶν
985 777 1023 847 δὲ
1139 829 1141 835 -

55 871 176 964 όλίγον
195 878 351 946 ἐκέλευσε
372 872 452 955 τούς
470 873 648 965 ἄρχοντας,
676 874 738 947 ὅσα
756 868 800 967 ἦν
819 875 1021 968 ιἰναθηματα

55 975 117 1049 λα’
113 983 313 1067 Ασκληπιοῦ
327 1018 373 1031 -
383 975 490 1049 πολλοὶ
505 970 573 1048 δὲ
551 1008 595 1068 ην
608 977 760 1104 όργόρου
772 982 829 1050 καί
837 987 964 1069 χρυσοῦ
974 1019 1018 1032 -

55 1085 165 1151 ταῦτα
183 1083 246 1164 ἔξω
265 1086 326 1152 τοῦ
345 1084 439 1206 ἱεροῦ
464 1078 709 1170 κομίσαντας
686 1110 730 1162 ως
747 1084 875 1172 βέβηλα
894 1109 1021 1174 προκη-

58 1182 197 1273 ρύττειν
216 1185 271 1254 έπὶ
292 1188 351 1272 τῆς
372 1179 505 1274 όγοριῖς.
544 1190 589 1254 Ol
544 1185 827 1273 ΟΣυρακοόσιοι
840 1213 923 1276 μετα
937 1196 1020 1259 πολ-

58 1290 119 1375 λῆς
143 1291 293 1375 σπουόης
319 1290 399 1374 έπρί
397 1315 495 1373 αντο,
529 1284 614 1358 ῶστε
645 1286 817 1379 ἠθροίσθη
843 1288 1064 1378 χρημάτων

57 1393 204 1478 πλῆθος·
228 1379 277 1458 ῶν
297 1389 464 1478 κρατήσας
477 1390 659 1472 Διονύσιος
673 1394 854 1479 προσέταξε
868 1395 1020 1518 κηρῦξαι,

60 1501 95 1562 εί
101 1497 154 1570 τίς
173 1517 207 1560 τι
226 1496 296 1561 τῶν
314 1519 375 1561 του
362 1487 588 1580 Ἀσκληπιοῦ
601 1490 829 1583 ἀναθημάτων
842 1490 1021 1585 ἠγόρασεν,

60 1589 181 1664 αότίκα
203 1599 251 1674 είς
271 1591 310 1663 τό
333 1591 425 1684 ίερόν
447 1603 614 1683 κομίζειν,
637 1593 838 1667 ἀποδιδόναι
863 1603 911 1692 τῷ
935 1604 1020 1692 θεῷ,

60 1689 80 1786 ἢ
100 1695 255 1767 θάνατον
275 1695 424 1767 εἶναι
386 1725 450 1786 την
466 1704 664 1786 ζημίαν
635 1703 681 1771 Ol
697 1700 761 1789 μὲν
779 1668 961 1770 ἆπέίῶκαν
974 1706 1022 1795 τῷ

60 1806 141 1896 θεῷ,
154 1797 336 1880 Διονύσιος
350 1799 388 1870 δέ
402 1799 518 1888 ίχε
481 1827 523 1869 τα
535 1799 693 1889 χρήματα.
921 1812 929 1826 ‘

135 1901 318 1982 Διονύσιος
344 1903 443 1972 πόλιν
470 1894 625 1990 ἑλῶν,
603 1931 643 1992 ης
662 1910 732 1975 τῶν
753 1906 901 1974 πολιτῶν
927 1903 1070 1986 οί19(20)

58 2004 123 2092 μλν
151 2002 386 2131 τεθνηκότες,
408 2009 443 2076 οί
461 2006 498 2076 δὲ
519 2005 725 2095 πεφευγότες
743 1998 896 2098 ησαν-
916 1996 959 2096 ἦν
984 2004 1041 2076 δὲ

55 2114 182 2195 μείζων
193 2102 229 2196 (η
244 2102 427 2198 πόλις)η“
400 2130 485 2178 ωστε
498 2105 565 2178 ὑπο
552 2106 703 2198 ὀλίγων
717 2109 949 2199 φυλάττεσθαι
973 2149 1019 2163 -

55 2207 231 2300 φρουροὺς
257 2210 319 2298 μὲν
343 2207 479 2299 ὀλίγους
507 2209 629 2282 αότόθι
656 2219 866 2283 καταλείπει·
894 2226 962 2291 τοῖς
983 2210 1021 2279 δὲ

55 2310 201 2384 ἁλοῦσιν
219 2314 363 2394 οἰκέταις
381 2319 450 2383 τῶν
473 2320 646 2384 δεσποτῶν
665 2318 856 2402 θυγατέρας
873 2313 1021 2407 συνῴκι-

55 2437 133 2502 σεν,
154 2419 212 2485 ίνα
229 2416 468 2503 πολεμιώτατοι
484 2419 647 2505 φανέντες
660 2427 701 2472 **
718 2415 811 2512 αὐτῶ
827 2417 938 2487 πιστοί
951 2413 1019 2504 φό-

55 2528 159 2598 λακες
171 2522 230 2606 τῆς
245 2518 374 2598 πόλεως
386 2522 548 2606 γένοιντο.
622 2566 637 2579 2
735 2548 738 2555 ·

133 2618 350 2704 Διονύσιος,Ι
378 2623 412 2702 ές
444 2625 637 2710 Τυρρηνίαν
663 2616 810 2700 πλεόσας
839 2615 1070 2702 ἑκατόνῖοίυι)

55 2721 209 2812 τριήρεσι
225 2725 283 2792 καὶ
304 2728 532 2810 ἱππαγωγοῖς,
556 2719 740 2811 παρελθῶν
759 2723 794 2803 ές
810 2719 917 2810 τὸτῆς
929 2728 1020 2791 Λευ-

57 2827 187 2906 κοθίας
205 2823 315 2913 ἱερὸν,
338 2824 454 2913 λαβῶν
474 2833 677 2914 νομίσματος
693 2823 838 2895 τάλαντα
857 2822 1020 2895 πεντακό·

55 2949 116 2998 σια
145 2933 346 3016 παραχρῆμα
372 2925 594 2997 ἀπέπλευσεν.
633 2925 773 2996 Μαθῶν
793 2925 832 2996 δὲ
851 2928 890 2995 έν
914 2923 1019 3014 ιἰπορ-

57 3030 150 3123 ρητω
169 3036 311 3117 χρυσίου
333 3028 479 3098 τόλαντα
493 3036 599 3118 χίλια,
615 3027 780 3118 όργυρίου
797 3032 911 3121 πολλῶ
924 3034 1019 3098 πλεί-

57 3159 121 3210 ονα
141 3127 210 3203 ὑπὸ
231 3136 301 3201 τῶν
328 3135 543 3220 στρατιωτῶν
561 3131 618 3199 καί
640 3135 709 3201 τῶν
726 3134 863 3199 ναυτῶν
876 3127 1019 3219 όιηρπό·

58 3244 163 3321 σθαι,
183 3236 264 3323 πρὶν
278 3236 435 3324 ἐπιβῆναι
448 3237 505 3322 τῆς
519 3239 596 3321 γῆς,
620 3232 759 3320 ἐκήρυξε
771 3246 841 3313 τοῖς
853 3238 966 3320 έχουσι
979 3231 1020 3302 τό
1061 3312 1064 3317 ,

59 3338 228 3427 χρήματα,
241 3336 462 3426 προστάσσων
475 3334 515 3406 τό
535 3335 598 3424 μὲν
619 3331 740 3426 ἡμίσεα
761 3331 960 3426 ιἰναφίρειν,
979 3330 1020 3403 τόι

60 3439 97 3510 ὄλ
116 3435 222 3531 ἡμίση
240 3443 441 3529 συγχωρῶν·
470 3433 492 3528 ἢ
518 3436 658 3532 θανάτῳ
678 3436 856 3525 ζημιῶσειν
876 3434 956 3518 τούς
975 3434 1021 3526 μὴ

58 3543 271 3626 πεισθέντας.
309 3545 356 3612 Ol
373 3541 440 3632 μὲν
458 3538 501 3612 τό
518 3537 622 3631 ἡμίση
645 3539 912 3631 προσεκόμισαυ·
934 3535 954 3611 ό
982 3538 1021 3611 θλ
