2318 3892
434 185 661 253 TETAPTON·
726 188 732 195 '
970 183 1027 243 151
1080 209 1083 216 ·

69 357 218 445 ἐγένετο,
240 353 324 427 άστε
348 359 383 426 οί
393 353 643 449 ἀργυράσπιδες
656 358 882 446 συλλαβόντες
895 356 1032 449 Εὐμένη
1093 452 1099 459 Ι

69 459 245 549 δεσμιύτην
277 462 495 550 παρέδωκαν,
524 458 714 551 Ἀντίγονος
745 461 783 530 δέ
815 457 945 551 ἀπάσης
974 468 1032 551 τής

65 557 175 645 Ἀσίας
188 561 347 650 βασιλεύς
357 560 584 655 ἀνηγορεύθη.
762 580 766 585 ’

141 664 347 753 Ἀντίγονος,
367 673 513 738 Πίθωνα
532 667 706 757 σατράπην
719 673 856 757 Μηδίας
876 664 1028 755 πνθόμε-
1047 687 1081 740 14

60 778 124 852 κὀς
151 771 342 856 ξενολογεῖν
367 771 425 838 καὶ
450 769 600 859 χρήματα
625 773 821 857 συλλέγειν,
844 765 1029 857 ἀποστῆναι

57 874 354 962 βεβουλευμένον,
385 869 539 943 άπιστεῖν
572 887 641 953 τοῖς
675 870 874 960 ἀγγέλλουσι
905 893 1027 958 προσε-
1115 935 1120 945 ,

57 974 245 1065 ποιήσατο,
266 973 423 1063 φάσκων,
442 971 540 1046 “ούκ
557 969 685 1063 ἀνέγιό
698 975 910 1063 πιστεύσαιμι
924 980 1029 1044 ταῦτα
1125 1012 1128 1018 ·

56 1084 213 1149 Πίθωνα
240 1077 414 1166 πράττειν,
449 1069 476 1172 ᾧ
509 1086 799 1166 πεντακισχιλίους
824 1077 1029 1158 Μακεδόνας

56 1176 205 1260 ὁπλίτας
223 1182 279 1249 καὶ
294 1185 429 1271 Θρᾷκας
442 1188 569 1268 χιλίους
582 1183 736 1269 φύλακας
754 1188 812 1271 τής
826 1187 1029 1268 σατραπείας

56 1284 197 1373 κάμψαι
216 1282 481 1370 παρεσκεύακα.”
529 1289 640 1355 Ταῦτα
657 1292 783 1365 Πίθων
804 1281 949 1364 ἀκούσας
971 1309 1026 1353 πι-
1100 1275 1102 1280 ’

56 1384 179 1457 στεύει
191 1391 232 1474 τῇ
246 1394 516 1478 φιλανθρωπίη,Ι
527 1389 584 1456 καὶ
602 1385 659 1457 διά
672 1387 792 1476 τάχους
805 1378 866 1477 ήκε
880 1385 1025 1510 ληψόμε-

57 1516 126 1570 νος
137 1485 201 1576 τήν
216 1491 426 1579 ἐπικουρίαν.
463 1488 652 1577 Ἀντίγονος
667 1491 705 1560 δέ
719 1487 804 1572 ἐς
770 1517 808 1560 το
826 1487 942 1558 κοινόν
954 1493 1027 1558 τῶν

57 1589 282 1663 Μακεδόνων
303 1588 477 1680 ἐσαγαγων
496 1598 642 1664 Πίθωνα
663 1589 766 1680 ἑλων,
794 1590 1027 1681 τιμωρησάμε·

59 1689 343 1777 νοςάπέκτεινεν.

72 1848 75 1853 -
142 1793 332 1884 Ἀντίγονος
352 1795 430 1878 τούς
456 1793 726 1886 ἀργυράσπιδας,
753 1803 787 1866 οἳ
811 1793 871 1865 τόν
890 1793 1027 1885 Εὐμένη
1046 1813 1078 1864 15

62 1898 242 1988 δεσμώτην
256 1897 347 1994 αύτφ
334 1901 584 1988 παρέδωκαν,
604 1903 738 1990 ἐτίμησε
759 1905 917 1988 δωρεαῖς·
938 1896 976 1968 τὸ
990 1899 1029 1969 δδ

61 2000 208 2073 άπιστον
234 1999 348 2072 αύτάν
375 2002 642 2093 φυλαττόμενος,
673 2009 800 2091 χιλίους
826 2002 888 2090 μὲν
914 1999 1028 2071 αὐτῶν

63 2111 173 2176 ἔδωκε
197 2104 392 2194 συμμάχους
416 2104 505 2176 εἶναι
529 2113 703 2199 Σιβυρτίῳ
724 2111 772 2201 τῷ
792 2103 945 2194 σατράπη
970 2109 1029 2193 τής

59 2204 283 2298 Ἀραχωσίας,
296 2206 376 2288 τούς
391 2209 429 2278 δὲ
442 2206 565 2289 ἀλλους
579 2215 627 2288 είς
639 2206 724 2278 ἀλλα
738 2205 1029 2303 χωρίαὸφρουρούς

66 2312 251 2399 διέπεμψεν
271 2309 376 2435 ἐχυρά
399 2313 455 2381 καί
475 2310 642 2400 δύσβατα,
669 2316 727 2380 ἵνα
751 2308 908 2399 φρουράν
930 2306 1027 2379 αὐτοὶ

63 2412 169 2498 [κατὰ]
184 2410 247 2503 τήν
259 2412 373 2506 χάραν
386 2419 505 2502 ἐχοιεν.
533 2412 600 2484 Διὸ
612 2415 736 2501 τοιχέως
749 2411 891 2500 ἀφανεῖς
906 2412 1028 2492 πάντες

62 2518 228 2604 ἐγένοντο.

134 2615 326 2707 ’Λντίγονος
344 2614 534 2705 ἐπολιόρκει
549 2586 680 2702 Ῥόδον,
705 2615 942 2740 ἐπιστήσας
902 2644 943 2705 τη
964 2643 1024 2686 πο·
1046 2630 1078 2685 16

64 2727 197 2813 λιορκίηι
218 2719 277 2791 τὸν
290 2717 367 2790 νιδν
384 2718 600 2845 Δημήτριον,
613 2716 812 2809 κηρύξας’
771 2733 885 2799 αυτοῖς
893 2714 1029 2800 Ροδίοις

65 2825 154 2897 εἶναι
167 2829 279 2895 πᾶσαν
292 2820 496 2912 ἀσφάλειαν·
511 2818 627 2902 ὁπόσοι
642 2822 680 2892 δέ
694 2823 771 2911 περὶ
785 2828 929 2910 Συρίαν,
944 2831 1025 2891 Φοι-
1051 2875 1056 2879 -

62 2935 185 3016 νίκην,
203 2931 382 3012 Κιλικίαν,
407 2932 616 3014 Παμφυλίαν
635 2916 720 3014 ἦσαν
735 2931 873 3015 ἔμποροι
889 2924 945 2994 καὶ
959 2935 1025 2993 θα-

60 3030 269 3117 λασσονργοδ
284 3024 421 3114 Ῥόδιοι,
441 3030 498 3097 καλ
518 3027 648 3108 τούτοις
663 3026 824 3117 ἐκήρυξεν
838 3024 1027 3113 ἀσφάλειαν

58 3140 120 3223 τῆς
140 3131 315 3218 θαλάσσης
334 3131 390 3199 ἐπὶ
411 3135 459 3222 τῷ
481 3128 526 3219 μὴ
552 3136 725 3218 καταίρειν
745 3135 793 3207 είς
807 3125 938 3214 Ῥόδον,
969 3132 1026 3197 ἵνα

59 3240 225 3326 βοηθείας
238 3233 365 3324 ἐρήμην
374 3198 486 3313 Ῥόδον
498 3233 614 3319 ἐξέλοι,
628 3261 697 3303 των
710 3257 801 3316 παρα
789 3229 1063 3320 Πτολεμαίου

61 3335 251 3429 συμμάχων
277 3332 339 3425 ούχ
369 3333 538 3406 ίκανύν”
519 3363 629 3408 οντων
648 3332 818 3422 ἀντισχεῖν
841 3341 1026 3426 Δημητρίῳ

57 3438 309 3530 πολιορκοῦντι.

137 3539 328 3632 Ἀντίγονος
360 3535 593 3631 μισθοφόρους
629 3489 841 3628 ἐμισθώσατο
865 3534 1027 3624 Γαλάτας,
1046 3551 1078 3607 17
