2318 3892
462 185 622 246 TPITON.
979 186 1019 248 93

56 359 248 451 ῶχριῶντες
268 363 411 429 εἵποντο.
446 357 592 438 Τούτους
614 357 698 428 ίδῶν
714 354 916 447 Ἰφικράτης,
937 357 1021 427 κατὰ

55 463 168 555 βραχὺ
190 460 369 551 προελθῶν
388 459 542 551 ἐκήρυξε·
562 457 580 483 “
590 467 653 551 Τῆς
665 469 839 555 στρατείας
850 459 948 546 ἀφνω
963 489 1019 549 γε·

54 569 219 657 νομένης,
255 577 288 635 εί
315 592 365 644 τις
393 561 594 634 ἀπολέλοιπε(
624 592 673 650 τι,
702 561 936 652 άναστρεφέτω
965 566 1021 633 καὶ

54 666 401 760 παρασκευασάμενος
415 672 523 746 καλῶς
536 664 762 756 έπανηκέτω.”
797 664 975 755 Ἥσθησαν
990 672 1025 736 οἱ

10 823 25 864 ,³
58 774 169 843 δειλοὶ
190 774 246 840 καὶ
268 768 388 840 αὐτίκα
407 767 626 860 ἀνέστρεψαν.
655 766 690 838 Ὁ
713 771 750 841 δὲ
761 767 947 859 Ἰφικράτης
959 767 1022 839 οὐκ

55 874 259 963 ἀναμείνας,
276 869 416 958 “Νὖν”,
437 879 520 960 ἔφη,
537 867 695 962 “ἀνδρες,
714 879 784 942 τῶν
797 871 1023 960 ἀνδραπόδων

57 977 344 1066 ἀπηλλαγμένων,
377 971 471 1064 ἡμεῖς
504 990 574 1056 τοϊς
605 979 777 1064 πολεμίοις
807 976 1023 1064 συνάφωμεν,

57 1087 119 1150 ἵνα
141 1082 196 1149 καὶ
216 1079 311 1168 μόνοι
333 1077 410 1159 τοός
430 1077 579 1169 καρποὺς
592 1085 650 1168 τῆς
663 1077 896 1169 ἀνδραγαθίας
910 1079 1020 1166 λάβω-

14 1244 29 1280 3
58 1212 133 1272 μεν.
140 1181 158 1207 ”
192 1188 315 1276 Πολλῶ
330 1188 457 1272 μᾶλλον
474 1182 669 1271 ἐθάρσησαν
682 1187 717 1251 οί
732 1188 946 1273 στρατιῶται,
966 1183 1022 1251 καὶ

10 1311 39 1385 ἓν
59 1286 288 1376 συμβαλόντες
300 1283 383 1356 ἀνευ
401 1291 469 1355 τῶν
483 1291 606 1355 δειλῶν
624 1289 793 1374 ἐνίκησαν.
1039 1287 1056 1338 2

132 1421 336 1512 Ἰφικράτης,
365 1421 443 1502 τούς
469 1428 648 1510 πολεμίους
668 1425 701 1506 ἐς
723 1420 837 1511 φυγὴν
854 1421 1020 1511 τρεψάμε-

10 1526 34 1591 'z
57 1554 133 1611 νος,
149 1531 275 1610 εἵπετο,
297 1525 419 1613 σχέδην
432 1523 600 1614 ἀγωντὴν
621 1524 793 1613 φάλαγγα,
815 1527 871 1594 καὶ
891 1551 1020 1610 παραγ-

10 1636 34 1697 fi
58 1631 190 1716 γέλλων
210 1637 293 1716 ἔφη,
312 1623 381 1696 “Ol
400 1628 462 1715 μέν
482 1629 624 1714 ἐλαφροὶ
644 1628 856 1715 φυλάττεσθε
877 1626 934 1705 τάς
948 1629 1020 1696 ένέ-

10 1763 33 1801 -ι
58 1725 1020 1820 δρας,τῶνδέφευγόντωντοίςόπολειπομένοιςἐνοχλεῖτε·

10 1861 46 1900 ιε
64 1825 86 1922 ᾖ
103 1838 262 1920 ποταμῶν
279 1832 466 1919 διαβάσεις,
480 1823 502 1924 ᾖ
516 1834 572 1902 καὶ
585 1832 681 1902 τόποι
696 1834 806 1903 στενοὶ
820 1833 875 1902 καί
888 1832 1021 1922 τάφροι,

10 1935 39 2003 '22
58 1937 167 2024 ταότη
187 1933 329 2023 μάλιστα
349 1940 561 2006 κυκλοῦσθαι
578 1933 658 2016 τούς
679 1935 867 2025 φεύγοντας
886 1933 927 2005 οὐ
947 1932 1020 2025 χρὴ,

10 2067 25 2115 ;
56 2045 116 2110 ἵνα
134 2037 179 2128 μὴ
192 2036 428 2126 ἀναγκάζοιντο
443 2041 476 2122 ἐξ
494 2034 655 2119 ἀπονοίας
667 2039 850 2130 μάχεσθαι·
868 2045 938 2110 τῶν
952 2067 1020 2109 τει-
1102 2065 1103 2069 ’

53 2147 128 2230 χῶν
154 2139 254 2230 έγγός
285 2141 422 2212 διιόκειν
448 2137 489 2212 οὗ
514 2142 698 2232 συμφέρει·
726 2144 845 2213 πολλοὶ
871 2141 936 2230 γάρ
956 2140 1021 2231 ἥδη

53 2244 221 2325 λαθόντες
241 2243 333 2325 ἐντὸς
346 2247 467 2335 βέλους
487 2247 640 2332 ἐγένοντο
655 2248 711 2316 καὶ
725 2252 835 2326 κακῶς
855 2244 1022 2324 παθόντες

14 2371 30 2410 0
55 2343 313 2437 ἀνεχῶρησαν.”
396 2394 400 2401 -
1040 2418 1057 2471 3

132 2481 321 2572 Ἰφικράτης
340 2481 474 2570 νύκτωρ
493 2480 694 2570 κατελάβετο
716 2488 886 2572 πολεμίων
906 2481 1021 2551 πόλιν·

55 2591 94 2657 οί
113 2586 151 2656 δὲ
172 2587 384 2673 συνέφευγον
406 2589 438 2664 ἐς
450 2583 514 2673 τὴν
534 2581 661 2672 ἀγοράν
681 2586 736 2655 καί
758 2591 887 2676 πλῆθος
902 2581 1022 2675 ἠθροί-

54 2699 163 2774 ζοντο.
187 2687 374 2779 Ἰφικράτης
386 2684 538 2775 ἀνοίγειν
548 2688 704 2758 ἐκέλευσε
712 2687 769 2770 τάς
782 2689 906 2774 πόλας,
921 2692 1023 2779 παρέ-

54 2821 129 2882 χων
153 2788 266 2871 αὐτοῖς
285 2788 442 2882 ἀφορμὴν
468 2795 531 2860 τοῦ
550 2789 708 2880 φεόγειν,
735 2797 792 2863 ἵνα
812 2798 869 2884 της
896 2791 1025 2874 πόλεως

10 2924 34 2965 5
50 2892 161 2978 ‚abtas
176 2892 438 2986 ἀκινδυνότερον
450 2893 658 2985 κρατήσειεν.
1041 2936 1059 2988 4

128 3029 315 3122 Ἰφικράτης
337 3034 375 3101 ἐν
390 3029 505 3120 Θράκη
525 3033 674 3120 ἐνέβαλε.
715 3040 791 3100 Τιιν
811 3037 1025 3119 στρατιωτῶν

54 3133 165 3207 αὐτοῦ
178 3136 404 3224 φοβηθέντων
415 3132 494 3214 τοὺς
508 3143 687 3224 πολεμίους
700 3135 756 3204 καί
771 3137 805 3214 ἐς
818 3131 934 3222 φυγὴν
946 3161 1021 3222 τρε-

55 3240 216 3328 πομένων
243 3237 420 3326 ἐκήρυξεν,
445 3233 482 3318 ός
503 3231 546 3307 ἀν
567 3237 700 3328 μηνόση
721 3234 781 3307 τόν
806 3233 935 3323 ἀφέντα
964 3238 1025 3308 τόν

55 3340 139 3413 όνον
160 3345 193 3422 ές
220 3339 261 3410 τά
289 3337 391 3410 όπλα·
406 3368 450 3420 ιτς
464 3337 506 3429 δη
522 3347 677 3412 Πανικοῦ
691 3338 877 3428 γεγονότος.
911 3340 1025 3432 Τοότφ

10 3475 38 3516 0
57 3452 106 3539 τῷ
129 3443 316 3534 κηρόγματι
335 3443 393 3524 τάς
412 3441 520 3532 φυγάς
541 3450 609 3514 τῶν
631 3449 845 3532 στρατιωτῶν
864 3439 1024 3515 ἀνεκαλέ-

59 3573 142 3621 σατο
160 3545 315 3639 καὶπρὸς
330 3545 368 3619 τὸ
382 3548 498 3637 μένειν
519 3544 749 3640 εὐθυμοτέρας
762 3550 930 3637 ἐποίησεν.
980 3596 982 3601 >
