2318 3892
69 166 132 230 ιιο
213 130 222 163 ’
458 160 644 229 οιοαιοα

65 335 226 429 Ὑρώδην.
259 335 379 426 Ἔτυχε
399 336 438 408 δὲ
457 328 617 426 βασιλεύς
633 332 709 408 κατ’
732 339 842 408 έκεῖνο
861 339 922 425 τής
949 330 1036 426 ώρας

69 439 267 527 ἑστιώμενος
279 443 336 510 καὶ
349 436 440 528 παρά
454 439 514 512 τὸν
527 439 650 526 πότον,
665 435 877 529 ἀκροώμενος
889 435 1037 520 Ἰάσονος

74 548 285 632 Τραλλιανού
302 547 481 635 τραγῳδοῦ
500 537 769 630 ἀποκρινομένου
782 539 916 629 Βάκχας
930 537 1036 631 Εύρι-

69 650 182 714 πίδου.
206 639 242 712 ‘0
255 643 318 733 μὲν
332 643 374 733 δή
387 642 557 740 τραγφδός
570 635 655 733 ήδεν
669 646 781 714 ἐκεῖνα
793 638 834 713 τά
848 642 957 733 μέλη,

122 746 276 836 Φέρομευ
289 748 322 829 ἐξ
336 743 442 842 όρέων
1051 774 1060 813 ι

110 845 227 917 Ἕλικα
242 846 404 936 νεότομον
416 850 471 917 ἐπὶ
488 847 681 938 μέλαθρον,
776 840 779 847 ’

120 949 303 1038 Μαννάριον
315 953 465 1039 θήραμα.

71 1055 116 1122 Οἱ
135 1051 173 1120 δὲ
192 1049 254 1140 τήν
272 1058 332 1121 τοῦ
347 1052 505 1139 Κράσσου
527 1046 681 1140 κεφαλήν
700 1053 890 1138 κομίζοντες
910 1051 962 1142 τῷ
973 1054 1036 1137 βοι-

68 1161 156 1223 σιλεῖ
168 1152 412 1242 προσήνεγκαν.
444 1152 516 1222 Ἐπὶ
536 1151 644 1245 τούτφ
663 1151 791 1240 μεγάλη
813 1148 878 1241 βοή
894 1151 956 1220 καὶ
976 1176 1037 1220 πο-

68 1253 129 1335 λύς
143 1254 260 1378 κρότος
274 1257 423 1342 ἐγένετο,
442 1251 525 1323 ώστε
538 1251 556 1322 6
570 1255 632 1342 μὲν
642 1251 803 1343 Ἐξόθρης
815 1250 1037 1342 ἀναπηδήσας
1050 1274 1067 1317 ιι

68 1351 177 1444 ἔφη,’
179 1351 284 1444 Ἐμοῖ
304 1362 409 1425 ταύτα
429 1361 557 1444 μᾶλλον
575 1383 616 1424 τα
604 1354 711 1444 τέλη
726 1354 885 1445 προσήκει
901 1349 1074 1448 ᾅδεινή

66 1485 115 1551 τφ
100 1455 324 1583 τραγφδῷῖ
352 1456 517 1539 Βασιλεύς
533 1454 652 1548 ήσθεὶς
665 1463 784 1527 τούτου
797 1457 861 1545 μὲν
874 1459 1037 1546 ἐτίμησεν
1071 1466 1074 1603 ρ

68 1555 119 1640 οἷς
132 1559 273 1650 πάτριον
286 1552 346 1650 ήν,
368 1566 415 1656 τώ
430 1557 550 1632 Ἰἀσουι
574 1560 613 1630 δὲ
631 1588 677 1657 τφ
665 1563 855 1655 τραγφδώ
866 1557 1074 1633 τάλαντον

68 1667 207 1734 ἔδωκεν.

441 1805 485 1864 42.
504 1807 656 1864 ΚΕΛΤΟΙ.
728 1884 732 1891 Ι
1048 1812 1061 1854 ι

145 1931 268 2001 Κελτοὶ
287 1931 531 2027 στρατεύουσιν
543 1933 599 2000 ἐπὶ
613 1927 852 2057 Αύτριριάτας
836 1929 893 1999 καὶ
909 1920 955 2018 ήν
972 1928 1034 2000 πό·

69 2042 168 2122 λιμος
185 2031 320 2121 μακρός.
366 2038 411 2102 Οἱ
429 2033 491 2121 μὲν
511 2031 695 2102 Κελτοὶ
659 2061 718 2114 τας
745 2029 873 2158 τρφφάς
889 2029 1012 2101 καὶ
975 2059 1035 2102 τον

68 2134 164 2205 οἶνον
184 2134 280 2215 πόαις
300 2140 512 2222 δηλητηρίοις
528 2135 871 2243 καταφαρμακεύουσι
894 2135 954 2204 καὶ
973 2161 1034 2203 κα-

67 2235 299 2316 ταλιπόντεςέ
299 2265 320 2304 ν
337 2252 409 2317 ταῖς
427 2222 593 2359 σκηφίιῖς,
604 2234 700 2308 αύτοὶ
716 2236 851 2325 νύκτωρ
865 2240 1033 2324 ἔφευγον

69 2339 148 2410 οίδδ
157 2336 363 2427 Αὐταριᾶται
378 2335 626 2425 πιστεύσαντες,
636 2335 680 2419 ώς
690 2338 905 2429 φοβηθέντες
911 2334 1032 2409 αποδι
1046 2371 1064 2412 ιι

70 2440 265 2527 δράσκοιεν,
279 2440 504 2529 κατελάβοντο
518 2439 576 2520 τάς
590 2438 732 2530 σκηνάς,
746 2440 804 2511 καὶ
816 2467 863 2536 ιφ
847 2444 963 2535 οῖνφ
977 2442 1034 2513 καὶ

67 2558 141 2624 ταῖς
161 2557 301 2632 τροφαῖς
321 2540 484 2632 ἀνέδην’
467 2542 648 2632 εχρήσαυτο
670 2544 728 2613 καί
746 2538 987 2633 παραυτίκα
965 2540 1033 2615 υπό

69 2638 279 2734 διαρροίας’
260 2651 426 2735 ακρατούς
447 2647 637 2734 ληφθέντες
653 2651 817 2729 [ἔκειντο].
849 2646 975 2717 Κελτοὶ
996 2645 1033 2717 δέ

69 2744 275 2826 ἐπελθόντες
288 2747 464 2837 κειμένους
478 2745 694 2837 φονεύουσιν.

432 2907 474 2962 σῖ.
493 2909 664 2966 ΘΡΑΙΚΕΣ.
756 2927 760 2933 ·
1047 2929 1068 2970 κ

146 3037 276 3127 Θρᾷκες
299 3031 566 3122 παραταξάμενοι
585 3043 746 3115 Βοιωτοῖς
767 3032 859 3125 παρά
875 3034 939 3125 τήν
950 3042 1032 3107 Κω·

68 3141 174 3204 παῖδα
188 3142 327 3225 λίμνην,
341 3131 558 3225 ἡττηθέντες,
581 3137 614 3217 ές
627 3136 686 3207 τόν
701 3133 863 3207 Ἑλικώνα
875 3165 1031 3228 καταφυ-

69 3233 185 3324 γόντες
198 3241 396 3309 ἐσπείσαντο
409 3252 478 3318 τοῖς
493 3248 650 3321 Βοιωτοῖς
664 3234 787 3331 ἡμέρας
800 3236 894 3323 τινός
899 3291 910 3329 ,
925 3242 965 3312 έν
978 3236 1032 3322 αἷς

68 3339 332 3428 βουλευσόμενοι
362 3337 623 3422 ἀπαλλάξονται·
645 3346 679 3412 οῖ
696 3343 856 3431 Βοιωτοὶ,
883 3346 927 3435 τῇ
950 3350 1032 3434 νίκη

136 3521 203 3588 cap.
222 3521 266 3573 43.
302 3523 344 3575 Ex
358 3522 470 3590 Ephoro
486 3522 550 3578 0011.
568 3496 660 3578 εἀιο.
678 3525 710 3589 ο,
725 3526 757 3592 2,
775 3526 802 3578 ι.
821 3540 851 3592 p.
866 3522 929 3587 τοι,
