2318 3892
121 184 180 245 ιιο
500 183 690 272 Ιιιιεαιοα

68 381 102 433 30
194 356 409 441 Ἀλέξανδρος
428 363 620 441 Καθαίους,
650 371 772 443 μοῖραν
791 351 910 426 Ἰνδῶν
936 358 971 438 ἐξ
998 404 999 417 ι

119 469 212 540 νοίας
229 456 432 528 άντιστάσαν
454 453 748 546 ήβηιίόνίκτεινε,
770 460 826 528 καί
848 458 950 528 πόλιν
970 486 999 526 αι

121 563 283 651 Σάγγαλα
302 559 365 650 τήν
390 560 645 648 καρτερωτάτην
668 563 889 644 κατέσκαψεν.
931 572 976 614 **

118 664 244 745 Ἰνδούς
267 662 360 753 φήμη
383 661 513 751 πονηρά
544 658 831 751 ὦς”Αλεξάνδρου
850 669 999 752 φονικάς

121 771 335 858 βαρβαρικῶς
360 771 596 853 πολεμοῦντος.
625 761 668 839 ;‘0
696 765 751 853 δὲ,
778 765 999 854 μεταβάλλειν

122 872 223 954 δόξαν
244 868 465 957 βουλόμενος,
493 866 600 955 άλλην
619 867 719 937 πόλιν
745 866 831 954 (διά)
858 874 918 956 τής
941 866 999 938 Ἰνί

123 973 225 1060 ἑλῶν,
239 968 385 1060 ὁμήρους
398 968 528 1056 λαβύν,
549 970 769 1058 σπεισάμενος
782 973 838 1041 ἐπί
853 978 971 1060 τρίτην
984 1001 999 1041 τ

121 1069 229 1166 ήλθεν
244 1070 411 1163 εύμεγέθη
432 1069 488 1141 καί
507 1071 796 1161 πολυάνθρωπον,
816 1072 916 1156 τάξας
938 1072 999 1163 πρὸ

123 1178 294 1266 φάλαγγος
315 1173 394 1254 τούς
410 1171 574 1264 ὁμήρους,
600 1177 775 1263 γέροντας,
800 1182 941 1262 παῖδας,
962 1204 999 1264 γι

25 1276 42 1291 “
123 1309 193 1361 κας.
236 1283 280 1348 Ol
304 1278 358 1363 δὲ,
386 1275 464 1357 τούς
490 1273 681 1365 ὁμοφύλους
707 1283 934 1365 γνωρίσαντες
961 1307 999 1348 κο

123 1391 206 1472 ἔργα
224 1387 282 1471 τής
298 1379 520 1465 Ἀλεξάνδρου
533 1387 795 1469 φιλανθρωπίας
808 1377 969 1469 ὁρῶντες,
991 1411 999 1450 ι

124 1493 226 1574 γουσί
242 1512 279 1554 τε
300 1482 358 1563 τάς
379 1482 486 1563 πύλας
504 1484 569 1551 καί·
582 1481 664 1571 μετά
686 1487 864 1572 ἱκετηριῶν
885 1482 992 1554 αὐτὸν

124 1595 233 1674 ξαντο.
277 1584 406 1655 Αύτίκα
436 1588 492 1654 καί
522 1581 543 1674 ή
570 1585 663 1675 φήμη
691 1591 930 1680 διαδραμούσα.
951 1593 999 1656 ἔπ.

119 1690 245 1771 Ἰνδούς
262 1689 396 1769 ἑκόντας
410 1686 631 1777 Ἀλέξανδρον
645 1691 813 1778 δέχεσθαι.

73 1819 107 1871 31-
197 1791 412 1881 Ἀλέξανὸρος
423 1789 485 1879 τήν
499 1797 680 1860 Κοσσαίων
701 1791 814 1881 χάραν
828 1790 916 1879 ἕιάρα
928 1817 999 1880 τρα]

125 1898 232 1966 τεκαὶ
248 1892 310 1982 ὅρη
329 1891 443 1980 ύψηλά
458 1896 516 1963 καὶ
529 1892 711 1982 άπρόσιτα,
732 1896 789 1964 καί
807 1899 937 1983 πλήθος
956 1898 996 1963 ἐν

125 1998 240 2086 ὄρεσιν
253 1988 576 2085 άυὸροὸνὸοκίμων·
591 1993 632 2064 ού
645 2003 764 2067 τοίνυν
776 1998 867 2089 ίλείν
880 1999 986 2075 ἐλπίς.

124 2128 174 2182 τις
188 2098 380 2187 άγγέλλωυ,
397 2094 415 2121 “
424 2094 632 2187 Ἡφαιστίων
646 2101 684 2168 ἐν
696 2105 877 2186 Βαβυλῶνι
889 2100 997 2187 τίθνη

120 2201 156 2273 ‘0
172 2203 227 2288 ὁὸ,
242 2200 358 2272 κοινὸν
371 2202 498 2280 πένθος
511 2205 726 2287 ἐπαγγείλας,
745 2203 799 2283 ἐπὶ
812 2200 874 2291 τήν
882 2197 999 2288 Ἡφαιι

125 2334 183 2386 νος
195 2303 308 2394 ταφήν
322 2302 495 2393 ήπείγετο·
514 2307 548 2373 οί
559 2306 679 2374 σκοποί
697 2310 768 2379 τῶν
783 2310 981 2391 Κοσσαίων,

126 2407 328 2495 ζευγνύντας
350 2402 394 2486 ὥς
415 2406 525 2490 εἶδον,
548 2404 645 2476 αὐτοὶ
665 2407 905 2497 διεσπάρησαν.
934 2403 999 2476 Ἀλι

71 2505 75 2512 ’
127 2518 206 2600 ὃρος
234 2510 367 2597 νύκτωρ
389 2510 509 2589 ίππέας
528 2512 660 2599 πέμψας
674 2508 736 2598 τήν
751 2514 784 2590 ἐς
800 2508 840 2578 τά
853 2507 915 2598 ὅρη
937 2507 999 2599 πάρ

126 2612 322 2699 ἀφύλακτον
339 2612 560 2701 κατελάβετο,
586 2613 643 2681 καὶ
662 2618 721 2700 τής
740 2608 934 2700 ὁδοιπορίας
947 2609 999 2680 άτο

126 2743 205 2799 νας,
227 2716 402 2800 ἐπιφανείς
428 2729 498 2794 τοῖς
519 2718 657 2784 ίππεῦσι
682 2713 748 2784 σύν
774 2712 887 2796 αὐτοῖς
914 2711 977 2801 τήν

126 2825 233 2888 σαίων
253 2816 365 2904 χάραν
388 2816 620 2911 ιέχειράσατο.Ι
643 2822 749 2886 Τούτο
771 2815 810 2886 τὸ
831 2823 932 2905 ἔργον
955 2823 997 2904 τή

120 2918 342 3009 Ἡφαιστίωνι
368 2918 476 3007 λύπης
500 2917 720 3009 παρηγόρημα
754 2920 860 3007 φασίν
881 2917 999 3000 Ἀλεξά

126 3026 298 3112 γενέσθαι.
445 3059 448 3064 ·

77 3156 111 3209 32
200 3125 416 3213 Ἀλέξανδρος
434 3126 472 3192 ἐν
495 3136 565 3201 τοῖς
586 3126 730 3210 Περσῶν
756 3127 937 3210 βασιλείοις
957 3120 999 3191 άν

129 3228 166 3298 τὸ
197 3232 360 3318 βασιλέως
384 3223 521 3312 άριστον
542 3226 600 3296 καί
619 3231 775 3311 δεῖπνον,
802 3227 841 3294 ἐν
863 3230 952 3294 κίονι
978 3253 997 3312 χ

129 3332 377 3420 γεγραμμένον,
404 3325 491 3397 ὅπου
510 3326 568 3395 καί
587 3332 622 3395 οί
637 3324 732 3397 άλλοι
747 3326 861 3416 νόμοι,
888 3322 947 3409 ούς
963 3334 999 3415 ἔγ

130 3441 251 3521 Κῦρος.
278 3432 359 3518 Εἶχε
374 3430 411 3500 δὲ
425 3427 548 3510 οὕτως’

130 3546 359 3561 -η-ψ--ῄ

200 3580 268 3647 Gap.
285 3579 311 3632 3.
348 3582 373 3644 §-
392 3579 435 3631 θλ.
471 3576 514 3628 cf.
531 3576 629 3630 Athen.
645 3581 678 3642 4,
695 3592 739 3645 pg.
760 3579 818 3632 145.
