2318 3892
90 152 160 230 ,ειιε
486 151 671 211 Βιοκιοα
1089 63 1098 189 Ι

489 382 516 436 δ.
535 384 670 438 ΚΤΡΟΣ.
975 402 984 417 ·
1017 391 1020 396 “
1086 208 1101 477 ῐ

68 550 82 600 1
177 530 290 615 Κύρος
306 522 438 612 Μήδοις
453 496 725 614 παραταξάμενος
738 519 962 654 τρίςὴττηθη.
976 521 1058 595 Ἐπεὶ

103 629 140 700 δὲ
158 656 227 698 των
254 630 394 713 Περσων
414 631 452 695 αί
474 642 633 715 γυναῖκες
655 624 772 697 καὶτα
789 629 893 699 τέκνα
918 620 1058 717 ἦσανίν

101 727 411 817 Πασαργάδαις,
376 758 438 817 την
450 727 612 818 τετάρτην
625 728 733 817 μάχην
752 732 905 802 ἐνταῦθα
922 734 1058 821 συνῆψε

102 833 212 903 Πάλιν
227 837 421 920 ἔφευγον
387 861 404 900 ο
436 836 575 922 Πέρσαι.
606 828 663 913 Ὡς
677 831 715 902 δὲ
730 831 878 903 είδοντα
889 836 997 905 τέκνα
1008 834 1057 903 καί
1070 862 1078 901 ι

101 935 159 1015 τάς
173 950 353 1023 γυναῖκας,
374 934 541 1014 παθόντες
564 933 616 1005 ἐπ’
633 931 745 1015 αύτολς
759 932 992 1025 ἀνέστρεψαν,
1012 937 1061 1005 καὶ

101 1036 180 1118 τούς
199 1036 342 1124 Μήδους
361 1033 509 1118 ἀτάκτως
524 1035 706 1117 διώκοντας
719 1037 941 1128 τρεψάμενοι,
969 1044 1061 1127 νίκην

101 1139 305 1228 τηλικαύτην
320 1141 495 1227 ἐνίκησαν,
517 1135 562 1220 ύς
582 1142 699 1228 μηκέτι
711 1146 831 1232 Κύρου
843 1138 930 1230 πρὸς
944 1138 1061 1221 αὐτούς

102 1239 204 1328 ἀλλης
218 1245 384 1327 δεηθῆναι
397 1239 510 1329 μάχης.
593 1302 596 1307 .

67 1363 84 1414 2
180 1348 292 1431 Κύρος
317 1345 354 1410 ἐν
373 1359 445 1421 ταῖς
471 1339 553 1431 πρὸς
576 1350 723 1428 Κροίσου
748 1339 886 1466 ἀνοχαῖς
912 1341 1091 1435 ἀπήγαγεν

101 1473 164 1534 την
161 1445 339 1568 δύναμιν.
363 1440 419 1523 Ὡς
432 1445 470 1513 δε
484 1443 544 1526 νύξ
560 1447 702 1532 ἐπηλθε,
717 1444 889 1526 συντόνως
902 1443 1062 1537 ἀναστρά-

101 1562 167 1630 ψας
182 1544 286 1617 ἐπὶ
250 1574 309 1625 τας
322 1544 509 1635 Σάρδεις”
488 1573 611 1635 ηγαγε,
626 1549 682 1615 καί
698 1546 900 1637 προσπεσωυ
913 1564 988 1630 τοῖς
999 1554 1063 1619 τεί-

101 1669 196 1737 χεσιυ
222 1645 444 1736 ἀφυλάκτοις,
481 1652 710 1737 προσθέμενος
734 1656 903 1739 κλίμακας
927 1652 1063 1740 κατέσχε
1102 1670 1104 1725 Ι

100 1751 160 1831 τὰς
173 1749 330 1841 Σάρδεις.
1102 1770 1104 1789 “

67 1873 85 1926 3
177 1858 290 1941 Κύρος
304 1851 464 1940 ἐκράτησε
478 1851 659 1939 Σάρδεων
685 1859 832 1938 Κροῖσος
850 1850 1040 1942 κατέσχε
1004 1882 1061 1943 την
1074 1880 1089 1922 ιι

101 1952 342 2042 ἀκρόπολιυ,’
325 1957 502 2042 αναμένωυ
522 1953 584 2042 τὴν
595 1954 635 2022 Ιἐκ
649 1959 707 2041 τῆς
719 1950 876 2036 Ἑλλάδος
889 1954 1061 2044 βοήθειαν.

102 2061 216 2143 Κύρος
232 2054 309 2134 τούς
328 2063 473 2135 οἰκείους
494 2061 563 2124 τάν
577 2056 659 2143 μετὰ
673 2062 823 2145 Κροίσου
837 2054 901 2146 τὴν
913 2054 1062 2149 ἀκρόπο-

102 2166 157 2227 λιν
185 2157 393 2245 κατεχόντων
415 2157 517 2245 δήσας
546 2162 650 2241 ἔδειξε
670 2173 738 2236 τοϊς
758 2164 1061 2249 πολιορκουμένοις,

101 2266 148 2353 τῷ
168 2260 290 2348 κηρυκι
312 2260 496 2349 προστάξας
516 2257 687 2345 ἀνειπεῖν,
718 2255 761 2339 ὥς
787 2267 982 2348 παραδοῦσι
1005 2263 1067 2352 μὲν

101 2359 165 2450 τὴν
182 2360 365 2453 ἀκρόπολιν
386 2359 555 2431 ἀποδύσοι
569 2356 609 2432 τά
624 2368 731 2431 οίκελα
745 2363 898 2451 σοι’ματα,
914 2363 967 2454 μὴ
983 2372 1088 2453 βου-ν

102 2466 254 2550 λομένων
269 2465 305 2534 δὲ
321 2470 532 2553 παραδοῦναι
547 2464 722 2555 κρεμάσειε
735 2465 871 2547 πάντας.
896 2472 942 2535 Οἱ
954 2467 993 2537 δὲ
1004 2465 1063 2557 τὴν

102 2563 284 2661 ἀκρόπολιν
318 2569 373 2636 ἐπὶ
400 2573 548 2659 σωτηρία
579 2573 647 2637 τῶν
681 2573 815 2637 οἰκείων
851 2571 1062 2656 παρέδωκαν,

103 2664 166 2736 ούκ
181 2665 422 2755 ἀναμείναντες
435 2676 585 2760 Κροίσου
605 2667 663 2749 τάς
685 2668 786 2751 κενάς
804 2674 874 2739 τοῖν
894 2667 1062 2762 Ἑλλήνων

105 2773 251 2848 ἐλπίδας.

67 2893 86 2946 4
178 2876 307 2959 Κύρος,
323 2867 405 2958 μετά
423 2869 484 2957 την
507 2867 635 2941 ἀλωσιν
648 2878 798 2960 Κροίσου
818 2877 946 2945 Λυδῶν
964 2872 1093 2945 πάλινε

102 2969 337 3059 ἀποστάντων,
365 2969 465 3053 αὐτὸς
487 2972 641 3043 ἐλαύνων
658 2977 712 3044 ἐπὶ
729 2981 934 3063 Βαβυλῶνος
948 2976 1065 3061 Μαζά-

102 3102 167 3163 ρην
180 3075 240 3146 τὸν
253 3080 378 3164 Μῆδον
398 3076 607 3163 κατέπεμψε,
630 3076 834 3165 προστάξας,
858 3074 942 3147 όταν
964 3075 1065 3155 κατά,-

4 3245 11 3253 ,
102 3197 164 3264 σχη
177 3176 239 3266 την
260 3177 393 3268 χάραν,
410 3173 598 3264 ἀφελέσθαι
610 3177 651 3247 τά
669 3175 755 3249 ὅπλα
769 3181 825 3249 καί
839 3178 918 3260 τούς
931 3184 1066 3266 ἵππους,

101 3280 158 3345 καὶ
184 3278 306 3366 στολὴν
334 3290 534 3366 γυναικείαν
567 3277 688 3361 αύτούς
720 3279 908 3369 ἀναγκάσαι
935 3298 1066 3373 φορεῖν,

101 3382 156 3449 καί
169 3379 250 3469 μήτε
264 3381 411 3462 τοξεύειν
424 3382 505 3469 μήτε
519 3381 674 3452 ἱππεύειν
684 3389 732 3453 ἔτι
746 3384 947 3473 μανθάνειν,
960 3381 1062 3474 ύφαί-
1078 3407 1098 3449 υ

100 3508 175 3552 νειυ
189 3483 227 3552 δὲ
239 3485 296 3552 καί
309 3483 451 3567 ψάλλειν
465 3481 614 3565 ἅπαντας
623 3488 716 3583 ,τοῖς
729 3486 970 3578 ἐπιτηδεύμασι
981 3487 1059 3559 τού-
