2318 3892
100 182 177 250 218·
495 188 681 250 BIBAION
1084 54 1094 243 δ

103 357 293 446 παρόντων.
331 344 447 453 Ἰλιάτφ
468 357 506 427 δὲ
525 350 569 449 ήυ
588 355 653 448 ἀρα
676 363 968 448 προσυγκείμενον
990 363 1062 448 δρα·

103 475 181 549 μεῖν
204 458 286 550 πρὸς
309 458 371 550 τήν
392 470 537 549 γυναῖκα
553 459 784 550 Πολυδώρου,
806 462 865 531 καλ
887 459 993 531 δόντα
1011 459 1063 530 τόν

105 564 286 634 δακτύλιον
305 560 380 633 ἀντὶ
398 563 541 648 [τούτου]
562 567 643 634 δέκα
663 564 810 634 τάλαντα
830 570 976 654 χρυσίου
988 560 1062 653 παρ’

104 657 206 755 αῦτής
232 674 360 756 λαβεῖν.
397 663 441 735 Ἡ
465 666 502 736 δὲ
529 672 575 761 τῷ
596 672 766 760 δακτυλίῳ
785 671 847 736 τοῦ
866 663 993 755 ἀνδρὸς
1013 690 1062 735 πι·

105 769 273 838 στεῦσασα
285 775 484 859 παραχρῆμα
498 776 604 840 ἔδωκε
617 766 655 838 τό
669 775 827 857 χρυσίον·
848 765 893 850 ῶς
910 768 950 839 δὲ
965 771 1081 839 ἕσαν-ι

102 878 211 961 ήλθεν
240 869 258 942 ὁ
283 871 343 942 τόν
378 872 559 942 δακτύλιον
588 869 679 960 παρά
697 871 910 962 Πολυδώρου
944 869 1062 960 λαβῶν,
1097 895 1106 973 '3

104 975 179 1045 τότε
190 972 306 1045 Ἰάσων
319 975 515 1065 τριβόμενος
528 974 707 1046 ἐπαύσατο.

341 1153 367 1212 2.
386 1151 637 1214 ΑΛΕΞΑΝΔΡΟΣ
656 1155 827 1208 ΦΕΡΑΙΟΣ.

69 1295 82 1344 1
181 1276 414 1369 Ἀλέξανδρος,
434 1279 617 1368 Πάνορμον
630 1283 892 1369 πολιορκοῦντος
905 1276 1059 1349 Λεωσθί-

104 1409 201 1468 νους,
223 1379 305 1468 πρὸς
319 1378 449 1464 ἁπάσας
470 1380 685 1464 τὰςἈττικάς
697 1387 782 1462 ναῦς
803 1385 962 1471 φανερῶς
984 1407 1058 1449 ναυ-

24 1478 33 1493 ’
103 1500 222 1573 μαχεῑν
249 1482 290 1554 οῦ
314 1490 456 1574 θαρρῶν
484 1489 668 1576 διέπεμψεν
696 1486 752 1555 ἐπὶ
773 1481 914 1555 ἀκατίου
934 1480 1060 1569 ’νάκτωρ
1092 1499 1103 1523 '·

103 1585 186 1676 πρός
199 1585 276 1668 τοῦς
288 1593 388 1658 ἔνδον
400 1589 613 1678 στρατιῶτας,
628 1586 732 1674 ὅπως,
747 1598 782 1657 εί
791 1613 881 1667 τινες
895 1591 967 1656 τῶν
981 1588 1060 1656 νεῶν
1088 1598 1090 1604 “

103 1694 274 1760 ἐκλίποιεν
287 1688 350 1780 τήν
363 1689 538 1780 φυλακήν,
560 1688 642 1780 πρὸς
656 1697 702 1784 τῷ
716 1689 882 1780 πρότερον
900 1689 1060 1780 αίρομίνηι
1098 1713 1106 1726 ·

103 1799 222 1887 πυρσῷ
237 1793 397 1883 δεύτερον
409 1791 586 1881 ἀνάσχοιεν
599 1808 668 1872 τοϊς
682 1795 719 1861 ἐν
734 1797 939 1882 Μαγνησίᾳ,
953 1787 1060 1859 κάκεί-
1095 1876 1098 1885 Ι

103 1922 156 1964 νοι
170 1911 238 1975 τοῖς
253 1898 290 1964 ἐν
303 1905 488 1982 Παχασαῑίς.
524 1897 727 1981 Λεωσθένης
741 1893 804 1982 μὲν
816 1907 906 1982 τρεῖς
920 1891 1059 1982 τριήρεις
1103 1946 1106 1975 ,

104 1996 277 2086 διέπεμψε,
296 1995 358 2087 τήν
371 1995 434 2086 μὲν
447 1998 502 2066 ἐπὶ
515 1995 651 2086 Σάμου,
665 1995 727 2087 τήν
743 1996 779 2066 δλ
794 1996 849 2067 ε’πλ
865 1995 994 2089 Θάσον,
1008 1990 1062 2083 τήν
1099 2012 1104 2031 “

104 2098 142 2168 δὲ
156 2101 210 2169 ἐπὶ
221 2095 482 2187 Ἑλλησπόντου·
495 2105 533 2168 οί
543 2100 581 2170 δὲ
596 2098 874 2188 πολιορκούμενοι
888 2094 969 2177 τοῦς
983 2122 1060 2184 πνρ-
1097 2126 1099 2133 ·

103 2200 183 2284 σοῦς
213 2199 363 2290 ἀνέσχον.
406 2199 622 2292 Ἀλέξανδρος
658 2202 860 2281 ἐπιπλεύσας
887 2198 988 2288 ἄφνω
1012 2197 1065 2269 καλ

105 2303 306 2394 προσπεσῶν
316 2308 450 2393 ἐνίκησε
464 2310 505 2394 τῇ
519 2310 688 2396 ναυμαχία
705 2303 783 2385 τοῦς
795 2300 1010 2392 Ἀθηναίους.
1101 2366 1106 2387 ,

68 2420 86 2471 ⁶2
176 2406 391 2497 Ἀλέξανδρος
413 2406 497 2496 μετά
516 2408 578 2497 τήν
603 2411 640 2477 ἐν
659 2406 856 2500 Πεπαρήθφ
876 2409 1063 2494 ναυμαχίαν

103 2513 239 2590 ἐλπίσας
260 2507 430 2599 λήψεσθαι
445 2508 523 2591 τοῦς
535 2508 738 2600 Ἀθηναίους
763 2508 966 2598 ἀφυλάκτως
985 2502 1065 2596 μετά

102 2619 201 2702 νίκην
215 2615 271 2682 καλ
285 2611 415 2701 ἀμελῶς
428 2619 574 2701 ἔχοντας,
589 2615 824 2695 συνέταξετοῑς
833 2613 967 2681 ἐπὶτῶν
980 2613 1066 2681 νεῶν

104 2714 160 2786 διά
179 2713 298 2802 τάχους
316 2722 546 2806 προσπλεῦσαι
562 2721 610 2810 τῶ
625 2721 792 2804 Λείχματι
814 2718 876 2784 τοῦ
897 2717 1066 2803 Πειραιῶς

102 2820 160 2888 καλ
174 2815 239 2886 ἀπὸ
253 2823 322 2886 τῶν
338 2824 510 2908 τραπεζῶν
525 2815 672 2908 ἁρπάσαι
685 2816 726 2888 τά
739 2816 900 2906 χρήματα.
939 2821 1018 2887 Τῶν
1030 2814 1066 2884 δὲ

102 2919 380 3011 προσπλεόντων,
406 2925 441 2991 ολ
454 2918 629 3010 Ἀθηναῖοι
658 2927 773 3008 φιλίας
791 2918 850 3000 τάς
871 2924 957 3000 ναῦς
980 2917 1099 2989 εἶναιυ

102 3032 298 3113 νομίσαντες
319 3021 545 3093 ἀπεσκόπουν.
587 3028 633 3093 Οί
652 3023 689 3093 δὲ
708 3021 894 3110 ἀποβάντες
914 3019 953 3091 τὸ
966 3030 1066 3092 πολε·
1104 3052 1106 3063 ·

102 3125 202 3216 μικόν
217 3127 398 3217 ἐσήμηναν,
409 3129 465 3197 καλ
479 3126 686 3215 σπασάμενοι
698 3125 757 3208 τάς
765 3132 928 3215 μαχαίρας
942 3120 1068 3214 ῶρμων

102 3231 158 3300 ἐπὶ
181 3227 239 3310 τάς
257 3232 427 3320 τραπέζας.
472 3234 518 3299 Oi
541 3230 604 3319 μὲν
619 3226 792 3318 Ἀθηναῖοι
811 3231 945 3316 σπουδή
965 3234 1069 3299 ἔθεον

101 3337 135 3412 ἐς
141 3330 178 3401 τδ
186 3329 282 3419 άστυ,
294 3348 364 3414 τοῖς
374 3348 569 3425 στρατηγοῖς
575 3328 796 3420 ἀγγελοῦντες
802 3328 865 3420 τήν
877 3328 1069 3420 κατάληψιν

100 3439 161 3504 τοῦ
181 3442 367 3523 Πειραιῶς·
395 3441 430 3506 οί
455 3435 493 3506 δὲ
523 3433 563 3505 τά
581 3435 732 3526 χρήματα
753 3430 964 3525 ἁρπάσαντες
984 3431 1067 3504 ἀπό·
1084 3465 1106 3506 ει

102 3545 263 3607 πλευσαν.
