2318 3892
268 893 452 965 ΒΙΒΔΙΟΝ
472 893 702 966 ΕΒΔΟΜΟΝ.
743 878 745 883 ’

85 1109 166 1190 Καὶ
179 1120 256 1192 τόδε
269 1117 352 1211 ὑμῖν
366 1126 511 1211 ἕβδομον
523 1129 671 1212 βιβλίον,
687 1119 858 1212 ίεράτατοι
872 1128 968 1210 βασι-

39 1236 78 1304 ιλς
85 1220 265 1294 Ἀντωνϊνε
279 1227 335 1294 καί
351 1224 481 1316 Οὐήρε,
496 1228 676 1317 προσφέρω
691 1231 760 1295 τῶν
772 1235 969 1316 Στρατηγη-

39 1324 124 1395 ἀτων
133 1379 143 1414 ,
168 1329 205 1394 έν
226 1318 252 1421 ᾦ
267 1329 493 1415 καταμάθοιτε
508 1325 551 1398 ἀν
565 1331 621 1398 καί
634 1326 691 1409 τάς
705 1334 773 1398 τῶν
787 1326 970 1418 βαρβάρων

39 1427 143 1517 ιάμας
170 1426 211 1497 οὐ
238 1430 459 1514 παντάπασιν
477 1429 767 1519 ἀστρατηγήτους·
800 1427 885 1499 ἀλλά
913 1431 968 1498 καί
1064 1476 1066 1480 -

39 1528 89 1620 αρ’
107 1533 248 1611 ἐκείνοις
263 1530 394 1621 μηχανή
414 1534 471 1601 καί
483 1531 580 1613 δόλος
595 1535 651 1600 καὶ
665 1530 772 1619 ἀπάτη
786 1531 953 1615 σπουδάζε
937 1558 969 1601 ε-

39 1661 71 1702 ιι.
104 1628 206 1702 Ὥστε
228 1631 326 1703 αὐτοί
341 1661 377 1705 τε
398 1629 495 1722 ὑμῖν
500 1631 613 1713 αὐτοῖς
637 1638 675 1703 έν
692 1660 738 1725 τφ
726 1635 900 1726 πολέμφ
914 1634 970 1701 καί

39 1749 76 1816 ις
96 1729 164 1803 υπὸ
184 1732 282 1822 ἀμων
306 1737 530 1824 πεμπομένοις
555 1734 775 1823 πολεμάρχοις
793 1731 907 1823 ἀρθως
927 1729 971 1804 ἀν

39 1835 329 1927 τραγμέλλοιτε
289 1865 333 1926 μη
353 1853 580 1926 καταφρονεῖν
605 1834 648 1918 ὡς
670 1865 822 1925 ανοητων
841 1866 861 1925 η
888 1834 969 1907 ἀδό-

39 1963 94 2025 νν,
116 1937 200 2008 ἀλλά
219 1937 417 2010 τούναντίον
436 1937 603 2029 μηδὲν“
562 1968 668 2020 ουτως
687 1936 801 2008 αὐτῶν
816 1938 969 2028 πεφυλά-

39 2053 93 2111 δαι
118 2037 164 2121 ὦς
191 2040 227 2110 τὸ
249 2041 391 2131 δολερὸν
419 2037 516 2113 καί”
494 2014 720 2112 απιστονκαί
719 2039 939 2131 ἀπατηλὸν,ο
921 2036 971 2121 οἷς

39 2148 137 2213 ἀλλον
151 2140 329 2230 ἀγάλλεται
342 2144 380 2216 τὸ
393 2140 636 2270 βαρβαρικδν”
616 2174 636 2233 η
650 2159 718 2224 τοϊς
731 2141 856 2224 ὅπλοις.
874 2142 970 2230 ’Ἁρι-

39 2273 89 2316 τον
110 2241 152 2333 δή
170 2246 400 2334 φυλακτήριον
420 2250 475 2316 καί
497 2243 670 2317 ἀνάλωτον
692 2254 775 2316 έστω
798 2244 881 2334 πρὸς
908 2242 969 2314 αὖ·

38 2347 87 2427 ιύς
106 2345 262 2434 ἀπιστία,
286 2345 366 2436 μεθ’
386 2339 425 2437 ἧς
446 2347 543 2436 ίσχύν
561 2354 630 2418 των
650 2345 765 2417 ὅπλων
780 2351 897 2436 ἕξομεν
915 2349 973 2416 καὶ

38 2451 70 2539 ‘qv
85 2447 167 2539 πρὸς
180 2447 304 2530 αὐτοὺς
317 2451 437 2539 τέχνην
452 2448 613 2540 ὀξυτέραν
626 2450 873 2538 μελετήσομενξ
886 2474 968 2540 προ-

38 2553 179 2634 αθόντες
191 2551 306 2623 αὐτῶν
319 2551 378 2634 τάς
392 2556 522 2633 ἐννοίας
535 2550 604 2622 τῶν
617 2551 912 2643 στρατηγημάτων.
1011 2611 1015 2618 .

380 2731 401 2786 ι
419 2722 598 2802 ΔΗΙοΚΗΣ.

87 2856 237 2949 Δηιόκης
257 2854 410 2947 ὁιΜήδος
432 2859 573 2928 ἐπέθετο
592 2862 634 2946 τῇ
646 2856 779 2946 Μήδων
794 2855 879 2948 ἀρχή
893 2848 970 2926 ὦδε.

38 2965 127 3050 ίήδοι
146 2962 290 3049 νομάδες
309 2952 415 3048 ήσαν,
436 2960 536 3030 πόλιν
549 2957 611 3029 οὐκ
625 2959 726 3046 εἶχον,
740 2958 876 3046 ἀγοντες
889 2956 973 3029 ἀνευ

38 3064 117 3154 λμου
129 3065 186 3133 καί
201 3069 306 3151 δίκης,
314 3060 451 3148 ἀγοντες
461 3065 516 3131 καί
527 3063 686 3151 φέροντες
696 3059 871 3149 ἀλλήλους·
886 3071 972 3149 Δηι-
1060 3104 1064 3111 -

38 3195 90 3257 ιης
103 3169 233 3250 ἐδίκαζε
244 3179 312 3245 τοϊς
321 3171 445 3252 γείτοσι
459 3164 515 3234 καί
528 3164 565 3234 τὸ
580 3176 654 3234 ίσον
667 3171 756 3250 ἔχειν
769 3160 890 3245 αὐτοὺς
904 3167 974 3234 έδί-

38 3291 146 3340 ασκεν.
160 3265 338 3357 Ἥσθησαν
352 3273 399 3361 τῷ
412 3273 563 3358 δικαστῇ,
574 3268 629 3337 καί
643 3263 763 3334 αὐτίκα
773 3268 868 3346 κλέος
881 3257 924 3354 ἦν
937 3267 976 3335 έν

38 3372 145 3462 ίήδοις
165 3367 289 3457 αὐτοῦ,
310 3373 365 3439 καί
386 3373 552 3440 συνέθεον
567 3366 618 3438 ἐπ’
636 3365 740 3437 αάτόν
763 3364 807 3448 ως
827 3378 902 3437 ίσον
922 3372 974 3439 δι-

38 3472 149 3566 κστήν,
181 3471 273 3544 Ἐπεί
293 3473 331 3543 δὲ
351 3477 391 3565 τῇ
414 3472 492 3568 δόξη
508 3472 633 3553 πάντας
652 3471 896 3562 παρεστήσατο,
918 3467 976 3550 τάς
