2318 3892
73 155 135 218 322
269 213 274 218 ,
465 151 653 211 ΒΙΒΛΙΟΝ

72 355 138 398 ναν
158 321 338 414 συλλαβάν
366 321 566 412 ἐβασάνισεν
591 320 646 410 ἐφ’
679 312 707 416 ᾦ
731 347 767 391 τε
796 318 945 404 έξειπελν
964 320 1031 404 τούς

73 428 346 519 κοινωνήσαντας
365 431 422 515 τῆς
445 423 639 504 ἐπιθέσεως.
669 420 760 494 Ἡδὲ
781 433 943 495 πλεῖστον
962 421 1031 494 ὅσον

74 529 241 621 ἀντεῖχεν·
263 528 470 618 ἓκνικωμένη
493 527 529 597 δὲ
550 523 617 596 ὑπὸ
636 534 711 597 τῶν
725 526 906 616 βασάνων,
926 525 1030 617 ἵνα-μή

74 632 209 721 ἐξείποι,
223 630 383 722 αότήτῆν
395 626 498 720 αὑτῆς
506 635 658 718 γλῶτταν
671 627 851 700 ἀπέδωκεν.
865 627 1031 719 Ἀθηναῖοι

72 737 284 826 τῆν’ἕταίραν
302 738 435 823 τιμῆσαι
449 735 609 812 θέλοντες
621 729 729 822 αὐτήν
742 733 804 822 μέν
817 729 882 804 οὐκ
897 739 1049 822 ἔστησανλ

72 837 111 910 ἐν
126 835 362 926 άκροκόλει,τὸ
372 837 409 906 δέ
418 841 502 920 ζῶον
514 834 722 926 τήνῖλέαιναν
735 841 863 925 χαλκῆν
878 841 1031 925 δημιουρ·

75 941 238 1030 νήσαντες
258 937 444 1028 ἀνέθηκαν.
475 948 523 1008 Ee
538 965 588 1018 τις
608 934 761 1027 ἀνῆλθεν
782 944 830 1019 είς
844 935 1030 1029 ἀκρόπολιν,

74 1043 223 1134 ἑωρακεν
237 1039 275 1110 ἓν
289 1047 336 1136 τῷ
349 1038 618 1135 πρθπυλαίφτήν
627 1042 765 1110 λέαιναν
778 1047 918 1130 χαλκῆν,
929 1045 1029 1127 γλάσ-
1058 1062 1060 1123 ζ

74 1166 139 1216 σαν
152 1143 214 1216 οὐκ
228 1150 388 1232 ἔχουσαν,
407 1139 589 1231 ὑπόμνημα
601 1147 662 1212 τοῦ
678 1141 893 1231 διηγήματος.

435 1321 479 1377 λδ.
497 1323 679 1376 ΘΕΜΙΣΤΩ.
1046 1336 1060 1378 ιλ

147 1447 298 1538 Θεμιστώ
317 1455 497 1539 Κρίθωνος
519 1454 689 1518 Οίανθίου
708 1445 873 1537 θυγάτηρ.
910 1446 1035 1535 Ταάιης

72 1551 137 1643 ήρα
156 1549 373 1642 Φρικοδήμου
395 1555 458 1621 τοῦ
477 1551 647 1639 τυράννου
669 1566 747 1632 παῖς
766 1557 893 1620 Φίλων.
925 1546 964 1618 ‘0
979 1550 1034 1620 τά·

73 1682 194 1745 ραννος
209 1652 315 1746 ἐξήκει
330 1652 412 1745 πρὸς
425 1652 533 1741 γάμον
543 1652 604 1743 τῆν
618 1652 733 1742 κόρην.
761 1648 797 1721 Ὁ
811 1650 921 1743 πατὴρ
943 1649 1033 1723 ἀντέ-

73 1767 183 1846 λεγεν.
219 1754 255 1826 ‘0
276 1756 441 1847 τύραννος
462 1754 541 1836 τοὺς
561 1754 656 1836 υλούς
670 1761 730 1826 τοῦ
750 1762 935 1846 Κρίθωνος
953 1753 1033 1826 ἀπο-

72 1860 201 1939 σπάσας
216 1857 255 1929 ἓν
276 1856 351 1944 ὄψει
371 1865 432 1928 τοῦ
452 1858 577 1947 πατρὸς
590 1861 646 1928 καὶ
659 1864 717 1948 τῆς
732 1857 856 1949 μητρός
865 1860 1033 1948 παρέβαλε
1047 1876 1060 1916 1³

72 1968 206 2051 θηρίοις
226 1967 382 2030 πεινῶσι·
407 1959 469 2051 τήν
491 1962 528 2030 δέ
549 1959 654 2050 κόρην
676 1958 873 2043 ἀποσπάσας
887 1958 1034 2032 ἐπετέλει

71 2064 131 2133 τὸν
144 2063 261 2151 γάμον.
297 2061 449 2153 Θεμιστώ
470 2061 526 2132 διά
540 2063 603 2152 τῆν
617 2062 768 2152 ἀνάγκην
783 2060 1033 2155 ἀποκριναμένη

73 2169 168 2254 ξίφος
178 2165 385 2252 εἰσεκόμισεν
398 2162 466 2236 ὑπὸ
480 2171 526 2259 τῷ
535 2172 733 2261 χιτωνίσκῳ,
742 2168 799 2237 καὶ
812 2165 873 2237 τόν
885 2176 1033 2256 νυμφίον

72 2266 286 2350 καθεύδοντα
301 2265 339 2337 έν
357 2273 404 2362 τῷ
423 2268 566 2362 θαλάμῳ
590 2276 825 2359 παρακλίνασα
836 2267 898 2339 τόν
912 2270 1031 2359 τράχη-

71 2380 132 2440 λον
163 2368 309 2450 εὐκόλως
337 2368 529 2458 ἀπέσφαξεν
536 2423 546 2457 ,
574 2367 618 2453 οὕς
635 2374 721 2461 μηδὲ
741 2371 863 2462 φωνήν
880 2377 943 2442 τοῦ
969 2392 1058 2461 τρο-λ

71 2477 257 2561 νευομένου
279 2477 450 2561 γενέσθαι.
491 2467 605 2544 ιΤαῦτα
635 2475 673 2544 δὲ
692 2475 801 2545 πάντα
819 2474 955 2562 νύκτωρ
975 2485 1030 2545 λα-

72 2581 199 2662 θοῦσα,
230 2576 334 2646 πάλιν
361 2574 416 2646 ἐπὶ
445 2575 623 2647 θάλασσαν
644 2583 873 2663 κατελθοῦσα,
895 2575 1031 2648 ἀκάτιον

73 2675 236 2764 εὑροῦσα,
259 2678 448 2766 πνεύματος
471 2681 689 2767 έπιτυχοῦσα,
703 2679 741 2750 τό
759 2677 921 2768 ἀπόγειον
935 2681 1030 2752 ἕλκά·

73 2801 169 2866 σασα,
184 2779 269 2869 μόνη
301 2777 485 2867 ἀναχθελσα
499 2784 725 2853 κατέπλευσεν
740 2779 774 2863 ἐς
787 2779 923 2872 Ἑλίκην
935 2782 1031 2855 πόλιν

70 2888 128 2970 τῆς
138 2879 286 2970 Ἀχαίας,
302 2888 388 2951 ἔνθα
402 2888 615 2964 Ποσειδῶνος
633 2882 833 2973 ίερόνάγιον
845 2878 906 2976 ῆν·
923 2885 1060 2980 τοάτφε

71 2987 287 3073 προσέφυγεν
301 2987 411 3065 λκέτις.
435 2986 714 3075 Φρικόδημοςτόν
728 2993 845 3079 ἕτερον
856 2994 928 3060 τῶν
935 2994 1031 3073 υίιὸν,

71 3084 222 3175 ἀδελφόν
239 3093 301 3157 τοῦ
319 3089 557 3176 φονευθέντος,
568 3085 764 3181 Ἡράκοντα,
778 3097 930 3180 ἔπεμψεν
944 3090 1029 3176 ἐξαι-

69 3188 211 3278 τήσοντα
234 3189 323 3278 παρά
344 3197 413 3260 τῶν
427 3186 603 3262 Ἑλικαίων
622 3191 685 3282 τήν
707 3192 823 3285 κόρην.
855 3199 900 3264 ol
913 3194 1031 3284 μδυδῆ

68 3293 245 3374 ἐξέδωκαν.
273 3290 363 3362 Ἐπεὶ
378 3293 415 3363 δὲ
429 3290 644 3384 ἀνήχθησαν,
657 3295 783 3384 χειμάν
797 3298 900 3385 μέγας
912 3295 1031 3382 ἐξέωσε

67 3392 105 3461 τὸ
118 3394 244 3481 σκάφος
260 3391 312 3464 έπλ
328 3391 457 3466 τόῬίον
469 3402 527 3484 τῆς
537 3395 684 3484 Ἀχαίας·
703 3389 746 3467 οὗ
759 3404 1027 3490 προσορμισαμέ-
1046 3422 1060 3462 λ

66 3520 139 3576 νοις
165 3493 381 3586 ἐπεφάνησαν
405 3493 553 3590 ῆμιογλίαι
581 3499 643 3571 δόο
661 3498 877 3593 Ἀκαρνάνων
898 3498 1030 3595 ἐχθροῖς
