2318 3892
394 146 620 209 ΠΕΜΠΤΟΝ.
930 150 988 212 193

109 319 282 407 Τιμολέων
300 324 484 407 συμμαχῶν
505 325 769 409 Συρακουσίοις,
799 319 912 390 ἐλθών
934 317 1023 399 ἐπί3

48 450 102 492 ,να
115 422 225 510 λόφον
232 415 365 510 ὑψηλόν
376 424 432 489 καὶ
445 424 626 512 μετέωρον,
641 421 726 493 ίδών
735 430 990 511 Καρχηδονίους

48 530 333 613 εντακισμυρίους
358 521 636 614 ἐκτεταγμένους,
670 524 707 595 τὸ
734 526 775 594 δὲ
799 530 990 615 κατάστημα

48 629 195 719 ειμίριον
208 628 264 696 καὶ
280 633 414 715 πνεῦμα
425 627 626 716 κινούμενον
644 624 798 701 ἐναντίον
811 644 879 708 τοῖς
890 640 987 698 πολε-

48 737 132 817 ίοις,
148 726 328 819 ἐκκλησίαν
339 728 543 818 συναγαγών
552 728 716 820 ἠγόρευσε
726 754 734 770 ·
746 728 847 800 ’ῩΝάν
861 728 989 801 ἁλῶναι

47 831 90 925 ρή
102 831 182 914 τοάς
195 839 390 922 πολεμίους’
407 833 494 903 εἶναι
508 831 573 922 γάρ
587 834 735 922 χρησμὸν
753 830 797 914 ἀς
820 837 857 903 ἐν
881 834 988 926 τούτῳ

47 935 179 1033 ῷτόπφ
202 935 467 1024 παραταξάμενοι
488 937 796 1026 διαφθαρήοοιντο,
816 952 991 1025 τεκμηριοῖ

47 1038 68 1109 δ
85 1036 146 1109 τόν
163 1037 312 1128 χρησμὸν
330 1035 347 1108 ὁ
374 1037 498 1127 χειμών
520 1036 674 1128 ἐξαπίνης
688 1037 921 1127 κινούμενος.”
948 1042 992 1108 OC

47 1148 177 1231 λλληνες
191 1138 247 1210 ἐπὶ
260 1145 344 1230 μέγα
358 1158 429 1223 ταῖς
442 1142 590 1230 γνώμαις
603 1140 776 1234 ἀρθέντες,
787 1139 894 1229 ὀλίγοι
907 1152 988 1211 πολ-

46 1243 108 1329 οὐς
126 1240 295 1333 ἐνίκησαν.

394 1423 432 1480 Ιδ,
451 1426 624 1479 ΑΡΙΣΤΩΝ.

99 1548 263 1641 Ἀρίστων
276 1549 499 1639 κυβερνήτης,
519 1556 580 1643 μιᾷ
594 1554 650 1639 νηὶ
663 1565 752 1639 τρεῖς
770 1546 914 1630 ὁλκάδας
939 1565 990 1620 σῖ·
1010 1561 1022 1612 l

45 1678 88 1725 ιον
100 1652 248 1743 ἀγούσας
263 1657 470 1742 παρέπεμψε.
502 1662 654 1740 Πολεμία
673 1653 809 1742 τριήρης
830 1651 991 1741 ἐπεφάνη,

45 1762 89 1827 ῖοῦ
105 1756 296 1846 πνεύματος
315 1756 535 1836 ἐπιλιπόντος.
566 1753 601 1824 Ὁ
623 1756 660 1825 δὲ
673 1754 731 1836 τάς
745 1772 834 1844 τρεῖς
847 1752 992 1835 ὁλκάδας

45 1859 232 1950 ῖνναγαγάν
253 1858 352 1949 ίγγδς
372 1856 485 1930 αάτάν
499 1861 679 1948 παρέπλει,
701 1864 757 1928 ἵνα
773 1865 804 1928 εί
817 1860 878 1947 μὲν
893 1856 913 1946 ή
929 1886 990 1928 πο·

45 1968 126 2054 λεμία
150 1962 288 2053 τριήρης
316 1961 476 2050 προσάγοι
503 1968 544 2053 τή
564 1965 638 2051 νηί,
661 1958 728 2032 ὑπὸ
747 1968 816 2031 τάν
837 1965 873 2032 ἐν
898 1967 991 2044 [ταῖς]

44 2082 178 2157 ῖιτηγοῖς
191 2066 433 2156 προσβάλλοιτο
447 2066 561 2153 βέλεσι
576 2075 727 2152 πολλοῖς,
753 2071 784 2133 εί
797 2065 834 2134 δὲ
849 2079 921 2144 ταῖς
935 2062 990 2133 ὁλ·

44 2169 129 2241 ια’σιν
158 2166 275 2250 αὐταῖς
303 2173 447 2262 πειρῷτο
475 2169 700 2257 προσβάλλειν
725 2168 782 2237 καὶ
806 2166 991 2255 βιάζεσθαι,

44 2270 128 2355 τότὸς
147 2275 339 2361 περιπλέων
358 2274 396 2339 ἐκ
414 2277 568 2357 πλαγίων
587 2271 729 2358 βλάπτοι
750 2268 811 2358 τήν
830 2277 992 2357 πολεμίαν

44 2376 166 2467 ριήρη,
187 2377 245 2444 καί
266 2371 495 2461 ἀπολαμβάνοι
516 2375 622 2462 μέσην
643 2371 749 2443 αὑτοῦ
768 2372 824 2440 καὶ
843 2377 912 2440 τάν
934 2367 990 2440 ὁλ-
1087 2386 1091 2393 ’

44 2479 156 2550 εάδων.

99 2578 265 2668 Ἀρίστων
277 2585 462 2665 Κορίνθιος
484 2576 707 2666 κυβερνήτης,
729 2572 993 2663 ναυμαχούντων
1011 2599 1028 2650 η

43 2690 220 2775 ίθηναίων
246 2682 303 2750 καὶ
322 2686 570 2770 Συρακουσίων
600 2680 657 2748 καὶ
683 2676 856 2768 μενόντων
881 2673 992 2764 ἀμφο·

43 2788 155 2877 ἐραν,
185 2785 317 2872 πέμψας
343 2780 427 2870 πρὸς
454 2781 531 2864 τούς
563 2778 725 2870 ἀρχοντας
752 2781 907 2849 ἐκέλευσε
933 2776 994 2866 τήν

43 2886 160 2977 ἀγορὰν
181 2892 252 2956 τάν
274 2891 412 2975 τροφῶν
433 2898 636 2974 μεταγαγεῖν
656 2884 711 2952 ἐπὶ
730 2880 793 2970 τήν
805 2882 993 2952 θάλασσαν.

42 2993 116 3063 &aaz
144 2988 183 3059 δὲ
204 2991 310 3057 ταῦτα
336 2986 549 3074 ἐκεκόμιστο,
586 2984 809 3074 κρουσάμενοι
835 2980 995 3071 πρύμναν

42 3090 249 3183 ἀνεχώρησαν
268 3090 323 3159 ἐπὶ
343 3086 405 3177 τήν
416 3093 481 3176 γήν
504 3090 559 3157 καλ
581 3085 766 3175 ἀποβάντες
793 3081 901 3164 εὐθὺς
920 3080 994 3172 ήρι-

42 3199 260 3269 ῖτοιτυιοῦντο.
296 3196 342 3260 OC
361 3187 551 3279 Ἀθηναῖοι,
578 3195 777 3278 νομίσαντες
791 3183 915 3266 αὐτοῦς
937 3181 994 3275 ήτ-

42 3299 200 3389 εωμίνονς
219 3292 451 3384 ἀναχωρῆσαι,
471 3294 556 3383 με’γα
570 3295 777 3380 φρονοῦντες
792 3291 847 3360 ἐπὶ
861 3294 902 3381 τή
916 3295 995 3377 νίκη

41 3405 228 3491 ἐκβαίνουσι
256 3399 312 3468 καὶ
337 3396 540 3486 περιήισαν,
568 3392 611 3464 τά
627 3421 663 3463 τε
683 3390 769 3463 ἀλλα
792 3391 996 3482 πράττοντες

41 3506 87 3577 ml
110 3500 175 3577 ὅσα
205 3496 288 3590 πρὸς
313 3495 451 3591 ἀριστον
474 3497 708 3588 ἑτοιμάζοντες.
761 3493 997 3567 Ἐπίπλενσαν

79 3633 212 3673 romu
226 3629 323 3669 ιττιο.
432 3683 434 3686 Ι
555 3602 583 3655 ’.
791 3611 838 3674 13.
