2318 3892
119 192 193 242 XXX
440 223 458 242 ³
515 192 724 242 PRAEFATIO.

118 352 160 410 vel
176 350 331 409 emendasse
349 351 400 409 sibi
418 349 572 416 videbatur,
594 353 622 408 in
639 353 699 427 ipso
713 349 849 428 Polyaeno
869 367 1047 426 reponamus.
1082 354 1126 412 Sed

117 436 160 493 vel
170 438 209 494 sic
223 438 246 492 is
257 437 341 493 codex
352 437 429 494 facile
444 438 562 511 primurn
572 436 662 494 locum
677 437 797 500 obtinet,
815 437 914 511 quippe
931 454 1126 511 saepenumero

118 539 150 577 cx
171 538 203 577 eo
224 521 283 577 solo
303 539 365 578 vera
389 523 525 597 scriptura
544 522 735 594 cognoscitur,
762 521 870 595 saepius
894 521 1071 579 Monacensis
1092 523 1126 579 vel

117 606 317 666 Parisini1686
337 607 528 663 auctoritatem
550 606 647 662 firmat.
680 602 823 662 Praeterea
848 607 872 662 ls
886 623 957 661 unus
974 608 1126 680 quindecim

116 690 194 746 nobis
211 698 402 764 strategemata
417 691 543 754 servavit,
560 709 628 764 quae
640 691 809 765 iuPolyaeni
823 690 960 747 codicibus
977 692 1125 764 perierunt,

116 783 140 837 5,
159 781 381 838 18612112.
399 782 441 837 36.
457 782 499 838 38,
518 782 599 836 1-9.
615 782 656 838 11,
674 784 697 834 1.
715 782 747 834 2:
778 792 840 831 narn
865 775 1000 830 decimum
1017 785 1124 840 sextum,

115 867 140 921 3,
158 866 198 923 m,
216 868 231 918 1
250 878 265 915 a
286 861 439 934 strategidis
459 859 577 916 alienum
596 878 629 917 ex
642 859 780 918 Plutarchi
799 859 852 916 vita
866 859 1017 916 Phocionis
1038 861 1117 923 2311

115 951 205 1000 sutum
220 945 292 1000 videt
281 952 334 999 t.ur
414 994 416 996 ,

199 1029 285 1084 Unum
315 1029 430 1102 denique
456 1036 638 1103 stratagema,
661 1033 691 1090 6,
708 1035 754 1090 38,
778 1036 812 1087 10
838 1027 964 1101 suppedit
966 1028 1025 1085 avit
1053 1030 1125 1087 nobis

157 1100 200 1185 19)
218 1113 323 1168 codex
336 1113 639 1176 vindobonensis,
655 1113 798 1168 continens
816 1120 1013 1206 strategemata
1027 1115 1125 1170 navalia

114 1197 255 1253 duodecim
270 1196 340 1252 edita
356 1215 371 1252 a
388 1197 545 1270 Seyboldo
539 1214 566 1252 ιιι
578 1196 705 1271 Polyaeni
722 1197 947 1271 interpretatione
962 1200 1123 1270 germanica,

113 1281 199 1355 prael.
218 1280 269 1336 vol.
285 1281 315 1335 Π.
336 1298 381 1354 pg.
396 1281 569 1338 xlv-XXX.

197 1365 268 1421 Haec
282 1364 379 1429 habui,
397 1366 512 1439 quaeda
530 1364 608 1420 libris
623 1381 705 1422 manu
720 1366 828 1439 scriptis
844 1381 995 1422 monerem.
1043 1419 1050 1427 ,

198 1451 304 1511 Restat,
326 1457 363 1505 ut·
378 1468 445 1523 quas
465 1468 543 1507 curas
563 1450 613 1505 viri
629 1450 702 1506 docti
726 1459 836 1524 praeter
852 1449 1007 1514 Vulteium,
1032 1451 1122 1509 (lasau-

113 1535 229 1596 bonnm,
246 1533 414 1590 blaasvicium
429 1534 457 1589 in
470 1533 636 1608 Polyaenum
653 1531 834 1596 contulerint,
859 1541 1016 1607 temporum
1035 1538 1122 1594 ordine

113 1636 277 1675 enumerem.

113 1704 260 1774 Herinpoe
282 1701 501 1759 observationum
515 1703 670 1760 criticorum
693 1701 763 1758 liber
779 1700 939 1775 singularis,
962 1702 1119 1763 beorardiae
1154 1730 1155 1752 ι

57 1834 58 1839 .
155 1794 231 1850 1719,
250 1805 295 1861 pg.
314 1793 467 1847 120-180.

112 1872 234 1928 Pierson
249 1872 281 1926 ad
296 1871 413 1934 Moerin,
429 1871 513 1944 Lugd.
528 1872 616 1927 Batav.
632 1876 709 1931 1759.

112 1957 195 2012 Koen
211 1955 244 2011 ad
258 1954 419 2027 Gregorium
438 1954 618 2017 Corinthium,
638 1955 723 2028 bugd.
742 1955 798 2011 bat.
815 1960 891 2015 1766.

111 2039 151 2096 Μ.
171 2039 203 2096 G
220 2041 272 2094 Fr.
291 2033 524 2116 Krorzbiepel⁵⁰),
551 2040 584 2095 de
605 2039 732 2096 dictionis
748 2038 914 2113 Polyaeneae
930 2042 1080 2101 virtutibus
1097 2050 1118 2098 et
1146 2042 1153 2095 l

153 2124 234 2179 vitiis.
256 2123 329 2196 Lips.
346 2128 422 2184 1770

113 2208 266 2281 Seybold
259 2226 287 2263 in
312 2207 533 2264 adnotationibus
558 2207 590 2263 ad
615 2199 767 2263 versionem
787 2207 916 2282 Polyaeni
942 2213 1117 2283 germanicam

154 2291 277 2348 Prancol
295 2293 523 2352 aduocantes
540 2297 616 2352 1791.
648 2292 748 2348 Nostro
765 2292 874 2348 saeculo

111 2378 300 2434 Adamantius
319 2377 444 2444 Koraia,
468 2377 514 2449 qui
536 2377 681 2432 editionem
696 2376 850 2432 Parisinam
872 2378 934 2433 anni
950 2384 1021 2440 1809
1035 2377 1116 2454 (1810)

154 2455 318 2537 Παρὲργων
341 2454 497 2533 {liprande
519 2450 718 2535 βιβλιοθήκης
743 2460 796 2517 vol.
811 2462 837 2516 1.'
858 2462 976 2525 curavit,
1000 2471 1117 2560 spxccnta

154 2548 211 2603 sere
228 2548 287 2604 loca
307 2546 435 2620 Polyaeni
458 2547 590 2609 correxit,
611 2546 807 2620 propemodum
823 2546 938 2603 ducenta
958 2549 1116 2606 coniecturis

155 2632 310 2706 temptavit,
332 2630 411 2704 plura
425 2639 541 2694 temere,
563 2632 610 2687 sed
625 2631 710 2686 multa
724 2647 833 2703 quoque
853 2647 987 2704 prospera
1004 2633 1115 2694 fortuna

155 2716 256 2789 quippe
282 2714 380 2789 quibus
406 2732 477 2770 nunc
501 2715 609 2771 accedat
633 2715 755 2771 codicum
781 2723 938 2770 nostrorum
964 2719 1115 2774 auctoritas.

155 2799 296 2866 codicibus
310 2798 440 2855 Parisinis
454 2816 509 2854 non
525 2816 591 2854 usus
603 2807 644 2854 est
661 2799 750 2854 editor
763 2799 915 2862 Parisinus:
931 2799 1115 2859 blaasvicianos

153 2893 182 2940 11
198 2883 414 2940 Casaubonianos
430 2884 524 2939 eodem
540 2883 598 2939 lere
615 2882 676 2939 loeo
697 2883 804 2944 habuit,
823 2901 927 2939 summo
945 2885 1047 2943 Vulteii
1066 2903 1117 2941 vor·

155 2970 258 3024 sionem
273 2968 391 3024 latinam.
420 2963 510 3023 Huius
529 2966 592 3023 libri
608 2985 748 3034 censuram
763 2967 828 3023 11111

112 3055 148 3111 R.
164 3051 204 3116 M.
223 3054 256 3109 P.
280 3054 308 3107 in
327 3052 476 3108 ‘ienaische
491 3051 554 3125 allg.
568 3048 824 3125 Litbraturzeitung’
842 3059 917 3113 1810.
933 3051 1050 3116 Noldd·
1064 3058 1114 3116 187.

154 3146 212 3202 188,
230 3155 309 3212 quem
322 3136 453 3212 appellavi
467 3154 607 3194 censorem
622 3138 769 3194 lonensem.

116 3264 310 3290 ...Δ--η

178 3354 264 3419 50)1.
287 3355 332 3403 Fr.
353 3353 503 3420 Keempffii
523 3354 681 3404 dissertatio
702 3353 735 3401 de
748 3349 887 3414 Polyaeno
910 3351 988 3401 nulla
1013 3360 1063 3405 est.
1092 3354 1114 3403 Is

112 3423 240 3474 scilicet
233 3440 262 3472 m
274 3423 460 3486 disputatione
472 3421 584 3489 publice
597 3421 750 3472 adversarii
761 3423 855 3485 partes
873 3424 970 3469 contre
982 3423 1114 3521 Kronbie

110 3492 210 3557 getium
221 3493 390 3558 susceperat
