2318 3892
120 185 178 247 118
513 185 697 247 ειεΛιοα
1101 39 1106 243 l

119 376 186 439 τοῖς
202 356 347 447 ἀποβᾶσι
360 355 606 447 παρετάσσοντο
628 358 685 427 καὶ
703 355 848 438 πολλούς
862 349 978 426 αύτάν
994 354 1069 445 άνῄ-
1116 387 1118 440 !

121 457 253 549 ρουυ,ό
269 460 305 551 δὲ
320 460 376 531 διά
389 459 510 549 τάχους
530 463 563 540 ἐς
575 458 637 549 τὴν
654 459 752 530 πόλιν
772 461 998 533 είσέπλευσεν.
1034 464 1073 528 Οί
1117 494 1118 527 2

122 567 159 635 δὲ
174 573 317 650 πολῖται,
330 563 537 653 φοβηθέντες
550 561 594 652 μὴ
607 568 665 653 τῆς
674 562 803 644 πόλεως
815 559 1072 647 άπακλεισθῶσι,
1117 637 1118 647 ,

121 665 358 746 καταλιπόντες
374 663 436 755 τὴν
448 664 532 755 πρός
546 664 623 748 τούς
642 673 852 754 τριακοσίους
871 665 981 755 μάχην
998 663 1071 735 άνε·
1104 702 1108 733 ι

121 770 277 860 χάρησαν
290 770 345 839 ἐπὶ
362 767 425 858 τὴν
437 767 546 841 πόλιν.
1082 798 1114 836 ε,

72 889 104 941 13
197 877 348 962 Χαβρίας
360 869 443 962 πρὸς
454 869 512 953 τάς
520 868 675 961 ἐπιβολάς
683 876 751 941 τάν
764 868 923 958 κυμάτων
934 865 1005 939 ὑπὸ
1016 869 1072 958 τὴν

120 980 371 1065 παρεξειρεσίαν
384 976 542 1064 ἑκατέρου
550 981 663 1062 τοίχου
676 975 805 1064 δέρρεις
814 973 1072 1062 κατελάμβανεν,

121 1081 176 1148 καὶ
194 1087 216 1160 †
231 1077 316 1148 κατά
331 1077 435 1167 μόνας
449 1074 584 1168 άρτίους
602 1081 649 1172 τῷ
669 1075 919 1165 καταστρώματι
938 1073 1024 1145 κατά
1040 1073 1073 1144 τό

120 1179 205 1266 ὕψος
226 1181 363 1272 φράγμα
382 1180 632 1269 κατελάμβανεν
650 1176 731 1250 αύτό
751 1177 834 1268 πρὸς
852 1179 910 1261 τάς
922 1182 1071 1266 παρεξει-

122 1291 243 1375 ρεσίας.
284 1290 388 1354 Τοῦτο
410 1283 448 1354 δὲ
466 1282 592 1353 ἐκώλυε
612 1281 673 1371 την
687 1289 776 1353 ναῦν
792 1277 1002 1370 ὑποβρύχιον
1016 1282 1072 1370 φέ·
1087 1304 1102 1341 1⁰

122 1399 241 1477 ρεσθαι
258 1389 315 1457 καὶ
329 1383 405 1467 τούς
417 1386 542 1468 ναύτας
554 1382 621 1456 ὑπὸ
633 1390 702 1457 τῶν
713 1387 870 1474 κυμάτων
882 1387 1072 1474 βρέχεσθαι·

120 1486 229 1560 καλτά
244 1490 469 1579 ἐπιφερόμενα
482 1490 613 1580 κύματα
633 1486 694 1576 ούχ
707 1484 850 1578 ὁρῶντες
864 1487 920 1558 διά
940 1486 1003 1578 τὴν
1018 1493 1074 1557 τού

120 1591 312 1683 φράγματος
326 1593 528 1682 πρόσθεσιν,
547 1589 609 1662 ούκ
623 1593 833 1675 ἐξανίσταντο
854 1591 911 1663 διά
931 1589 994 1665 τόν
1013 1588 1073 1679 φό-

120 1704 183 1784 βον
195 1693 275 1767 οὐδὲ
286 1695 349 1787 τὴν
362 1701 450 1766 ναῦν
468 1702 647 1784 έσφαλλον.

70 1813 103 1865 14
196 1806 346 1889 Χαβρίας
365 1797 448 1888 πρός
466 1797 545 1879 τούς
563 1803 743 1885 πελαγίους
761 1803 864 1878 πλούς
877 1797 933 1866 καὶ
947 1795 1027 1876 τούς
1040 1801 1103 1867 ένε

119 1907 159 1990 τῇ
173 1902 322 1991 θαλάττῃ
338 1906 500 1991 χειμῶνας
514 1900 754 1984 κατεσκεύαζεν
768 1899 888 1990 ἑκάστη
901 1904 974 1995 τάν
983 1906 1075 1989 νηῶν

120 2002 217 2074 δισσά
238 2003 402 2092 πηδάλια,
423 2006 480 2074 καί
498 2017 567 2085 τοῖς
586 2004 648 2095 μὲν
660 1998 868 2091 ὑπάρχουσιν
880 2006 919 2074 ἐν
930 2017 1004 2084 ταῖς
1019 2000 1072 2072 εύ-

120 2111 207 2187 όίαις
220 2109 352 2197 ἐχρῆτο·
374 2111 407 2204 εί
423 2106 460 2177 δέ
478 2102 498 2196 ἡ
511 2105 665 2176 θάλασσα
677 2112 772 2195 κοίλη
785 2107 933 2196 γένοιτο,
947 2106 1073 2194 θάτερα

119 2208 176 2278 διά
198 2215 257 2298 τῆς
283 2212 530 2300 παρεξειρεσίας
554 2207 638 2280 κατά
663 2207 721 2289 τάς
742 2215 941 2300 θρανίτιόας
960 2209 1073 2289 κάπας

118 2319 310 2401 παρετίθει,
324 2311 402 2393 τούς
415 2311 555 2400 αὐχένας
569 2319 685 2401 έχοντα
697 2311 843 2394 καὶτοὺς
856 2323 973 2394 οἴακας
985 2310 1070 2401 ὑπὲρ
1084 2338 1101 2378 ιι

118 2420 178 2485 τοῦ
196 2415 487 2505 καταστρώματος,
509 2412 592 2485 ὥστε
613 2417 823 2504 ε’ξαιρομένης
843 2421 902 2505 τῆς
920 2413 1072 2505 πρύμνης
1109 2446 1118 2481 ·;

117 2517 248 2599 τούτοις
260 2515 322 2607 τὴν
335 2525 422 2588 ναύν
439 2517 723 2590 κατευθύνεσθαι.
1014 2513 1017 2519 ’

68 2637 100 2688 15
195 2628 362 2713 Χαβρίας,
387 2619 586 2709 καταλαβών
605 2617 667 2709 τὴν
687 2618 888 2709 Λακωνικὴν
907 2621 965 2689 καὶ
979 2627 1071 2689 λείαν

118 2721 245 2812 πολλὴν
266 2719 435 2812 ἁρπάσας,
458 2728 681 2813 Σπαρτιατῶν
702 2720 1000 2811 ἐκβοηθησάντων,
1025 2712 1072 2792 ὦν

112 2822 305 2914 Ἀγησίλαος
323 2822 452 2915 ἡγεῖτο,
474 2823 676 2912 συναγαγάν
694 2822 772 2905 τούς
794 2823 995 2914 στρατιώτας
1019 2827 1102 2894 έπίυ

117 2928 224 3016 λόφον
243 2924 392 3017 ὑψηλόν,
412 2925 455 2997 τά
473 2927 664 3016 σκευοφόρα
683 2928 740 2996 καὶ
753 2924 832 3007 τούς
844 2928 1072 3015 αίχμαλάτους

116 3030 252 3118 άγαγιόν
264 3033 318 3102 ἐπὶ
330 3027 368 3101 τό
381 3026 592 3118 όχυράτατον
605 3031 996 3119 περιεστρατοπέδευσεν.
1031 3036 1074 3100 Ol

116 3137 154 3204 δὲ
173 3135 331 3215 Λάκωνες
342 3131 407 3203 άπὸ
418 3135 518 3204 πέντε
531 3139 679 3203 σταδίοιν
690 3129 1070 3222 ἀντεστρατοπέδευσαν.

115 3244 264 3327 Χαβρίας
288 3235 511 3326 παρήγγειλεν
532 3232 575 3315 ὡς
594 3245 731 3306 πλεῖστα
752 3234 843 3324 πυρά
867 3241 989 3326 καῆναι
1014 3236 1072 3307 διά

113 3338 251 3425 νυκτὸς,
272 3341 424 3427 καὶπερὶ
444 3341 605 3427 δευτέραν
622 3338 778 3428 φυλακην
798 3340 1001 3429 παρήγγειλε
1028 3340 1069 3410 τά
1084 3366 1107 3406 ιο

112 3442 175 3529 μὲν
193 3439 355 3528 ὑποζύγια
375 3444 432 3512 καί
451 3440 491 3512 τά
506 3441 697 3530 βοσκήματα
711 3451 926 3530 καταλιπεῖν,
948 3441 1071 3525 αύτούς

113 3544 150 3619 δὲ
164 3540 350 3635 ἀναχωρεῖν
365 3542 449 3615 κατά
467 3543 505 3616 τό
518 3541 661 3616 όπισθεν
677 3546 779 3639 μέρος
796 3550 858 3616 τού
871 3545 991 3636 λόφου.
1028 3553 1074 3618 Οί
