2318 3892
67 184 127 247 312
447 182 633 242 αιαλιοα
833 258 836 263 ¹
1038 39 1047 226 Ι

68 384 137 429 των
151 354 286 446 ἀνδρῶν
298 354 488 481 θυγατέρας
506 353 716 445 παρθένους·
737 355 775 423 ac
786 348 853 423 δὲ’
838 350 1064 444 ομηρεῦοοηι

72 481 127 530 σαι
148 466 343 550 προσῆλθον
362 457 471 528 ἐπὶ
437 486 497 528 τον
516 453 666 545 ποταμὸν
684 453 745 526 τὸν
758 456 892 548 Θύβριν
905 457 1015 528 λουοό-
1057 493 1062 530 ι

72 591 180 653 μενοι.
207 571 283 633 Μία
298 561 337 632 66
350 558 437 644 ἐξ’
396 566 641 632 αυτῦνΚλοιλί
639 588 660 629 α
674 558 889 650 προῦτρεψεν
897 555 1061 640 ἁπάσας
1057 600 1064 635 ι

17 725 21 731 .
72 665 304 757 αναὸησασθαι
313 692 390 744 τους
404 670 620 752 χιτωνίσκους
640 663 772 755 περὶ
736 692 794 745 τας
806 662 1016 752 κεφαλῦςκαὶ
1057 699 1064 738 μ

73 769 295 858 διανήξασθαι
308 765 346 837 τὸ
366 771 474 857 ῥεῦμα
487 772 547 836 τοῦ
569 771 719 855 ποταμοῦ
739 773 849 847 δίναις
869 773 1034 856 βαθείαιςι

75 873 255 960 δύσπορον.
277 868 366 940 Ἐπεὶ
381 869 418 939 δὲ
426 870 630 959 διενήξαντο,
637 866 788 959 Ῥωμαῖοι
800 869 865 960 τὴν
878 870 943 960 μὲν
951 868 1016 959 ἀρε·
1051 866 1054 899 ³

72 974 135 1065 τὴν
148 973 330 1044 αὐτῶνκαὶ
349 972 411 1062 τὴν
430 971 574 1099 ἀνδρίαν
594 972 808 1063 ἐθαύμασαν·
829 970 1018 1063 ἀνέπεμψαν

73 1076 169 1148 66’
130 1076 231 1157 αντάς
251 1086 451 1167 Τυρρηνοῖς,
471 1074 509 1146 τὸ
528 1073 647 1146 πιστὸν
666 1081 735 1147 τῶν
755 1081 944 1165 συνθηκῶν
963 1104 1018 1167 φο·
1062 1120 1064 1128 ·

72 1181 257 1260 λάσσοντες.
289 1186 458 1266 Πορσίνας
482 1175 639 1267 βασιλεῦς
666 1176 890 1270 Ῥνρρηνῦν’
871 1182 1021 1271 ανίκρινε

71 1282 128 1363 τὰς
156 1282 322 1369 κόρας,τ
304 1285 394 1362 τ’ίς
379 1311 421 1370 ην
440 1278 553 1352 αῦτῶν
573 1312 593 1370 η
611 1288 709 1352 τοῦτο
727 1284 849 1373 πρῦξαι
868 1290 1020 1353 πείσασα

72 1392 212 1456 Κλοιλία
233 1392 448 1475 προλαβοῦσα
469 1382 526 1465 τάς
546 1381 648 1466 ἀλλας
671 1380 874 1474 ὡμολόγησε.
900 1395 1022 1476 Πορσί-

72 1516 133 1569 νας
158 1484 408 1578 ῦπεραγασθεις
432 1486 469 1557 τὸ
498 1486 657 1578 ἀνδρεῖον
682 1493 740 1578 τῆς
768 1487 887 1576 κόρης,
926 1493 1024 1560 ἵππον

53 1670 60 1683 ¹
73 1589 158 1684 αὐτῇ
171 1596 329 1681 λαμπρῶς
338 1593 585 1680 κεκοσμημένον
596 1591 786 1680 ἐδωρήσατο
799 1589 931 1675 καὶτὰς
944 1620 1023 1682 παρ·

73 1698 195 1776 θίνους
209 1694 317 1775 πάσας
331 1697 506 1775 ἐπαινέσας
515 1690 684 1783 Ῥωμαίοις
697 1690 908 1784 ἀπέπεμψενι

448 1874 490 1930 ³2.
508 1877 657 1929 HOPKIA.

145 2009 274 2090 Πορκία
294 2000 448 2088 θυγάτηρ
468 2000 643 2085 Κάτωνος,
673 1998 760 2091 γυνὴ
779 1998 951 2090 Βροῦτον,
972 1999 1026 2072 τὸν

73 2100 180 2192 ἀνδρα
210 2108 361 2193 Βροῦτον
386 2098 579 2172 ὑπονοοῦσα
612 2104 846 2192 ἐπιβουλεύειν
872 2112 1027 2194 Καίσαρι,

73 2213 236 2300 μαχαιρίῳ
255 2207 402 2293 κουρέως
416 2203 474 2276 τὸν
489 2208 607 2295 ἑαυτῆς
621 2206 728 2296 μηρὸν
741 2204 936 2295 ἀνέσχισεν,
958 2211 1026 2278 ἐπι·

73 2313 274 2397 θεικνυμένη
288 2316 467 2397 καρτερίαν
481 2310 631 2398 σώματος
640 2313 695 2379 καὶ
710 2315 815 2399 ψυχῆς
823 2311 1026 2399 ἐγκράτειαν.

77 2412 158 2481 Τότε
171 2410 213 2501 δὴ
227 2418 374 2501 Βροῦτος
382 2415 577 2482 ἐπίστευσεν
586 2410 670 2501 αὐτῇ
678 2411 715 2482 τὸ
728 2410 929 2502 ἀπόρρητον.
940 2410 1051 2484 ‘Haza

72 2513 149 2595 τοῦς
175 2512 392 2603 χιτωνίσκους
412 2511 513 2639 αῦτης
540 2512 759 2604 προσεκόμισε
783 2521 830 2608 τῷ
850 2513 954 2608 ἀνδρὶ
976 2518 1027 2586 καὶ

72 2624 140 2686 τῶν
159 2619 310 2705 χιτώνων
335 2617 489 2688 ἔνδον
457 2647 494 2688 το
514 2622 618 2706 ξίφος.
652 2617 863 2708 Προσελθῦν
883 2626 1027 2710 Βροῦτος

73 2718 155 2808 μετὰ
175 2727 243 2789 τῶν
263 2722 536 2807 κοινωνούντων,
561 2720 759 2821 ἐπιθέμενος
778 2721 931 2794 κτιννῦει
945 2728 1029 2794 Καί-

73 2843 169 2911 σαρα.
194 2820 283 2891 Ἐπεὶ
298 2824 335 2891 66
346 2823 428 2911 μετά
441 2829 593 2893 Κασσίου
609 2824 880 2913 παραταξάμενος
900 2828 939 2897 ἐν
952 2834 1027 2895 Μα·

72 2933 208 3018 κεθονίμ
231 2924 313 3013 πρὸς
335 2924 395 2995 τὸν
409 2924 632 3013 Σεβαστόν”
610 2956 708 3016 ηττης
728 2930 911 3016 γενομένης
931 2927 1054 3009 αῦτίιςν

73 3028 194 3099 εαυτὸν
207 3028 358 3115 ἀνεῖλεν,
371 3035 503 3119 Πορκία
516 3057 554 3098 το
542 3026 629 3118 μὲν
642 3037 775 3118 πρῶτον
789 3029 1029 3121 ἀποκαρτερεῖν

73 3136 310 3258 ἐπειράτο.0
282 3137 380 3202 Οίίκε
380 3160 428 3202 ων
447 3133 483 3202 66
509 3135 566 3201 καὶ
592 3139 768 3222 συγγενῶν
794 3130 857 3203 οῦκ
882 3131 1028 3219 ιἰοίντων,

75 3232 219 3324 ἐσχάραν
234 3233 388 3306 ἐκέλευσε
396 3241 598 3324 κομισθηναι
614 3236 729 3327 πυρὸς,
741 3232 785 3317 ὡς
797 3234 1028 3328 ἀλεαινομένη·

73 3340 129 3408 καὶ
155 3344 223 3407 τάν
248 3337 431 3428 ἀνθράκων
458 3335 633 3429 ἁρπάσασα
653 3338 797 3421 πολλοῦς
818 3354 892 3422 ταῖς
916 3344 1030 3433 χερσὶν

141 3568 207 3636 Cap.
226 3569 269 3622 32.
305 3571 348 3621 Ex
362 3571 477 3624 Nicolao
495 3571 625 3628 Damaso.
649 3570 688 3637 (λ)
709 3572 771 3627 coll.
787 3572 860 3625 Plut.
879 3575 968 3627 Bruto
985 3573 1026 3627 ⁵3.
