2318 3892
106 177 165 241 148
501 177 687 239 ΒΙΒΛΙΟΝ

108 355 163 424 καὶ
189 348 310 436 ψιλούς
329 352 385 421 καὶ
403 348 537 433 τοξότας
556 356 684 440 χιλίους
711 347 801 440 παρά
820 347 880 431 τάς
901 356 988 433 ναῦς
1005 356 1054 421 τόν
1073 379 1076 438 ,ῥ

107 461 279 544 πολεμίων
292 451 458 547 ὁρμούσας
477 450 543 523 ἀπό
564 460 625 542 γής
646 451 832 536 ἀκοντίζειν
849 455 908 523 καί
924 452 1055 537 τοξεύειν
1073 502 1076 539 ,

108 563 211 641 ἔταξε.
256 564 368 627 Ταῦτα
388 557 451 646 μὲν
471 560 509 627 έν
527 557 625 627 νυκτί
645 561 706 647 μιᾷ
725 558 928 628 διετέτακτο.
962 555 1076 644 Ἀρχν,

109 664 212 752 μένης
229 660 267 730 δὲ
288 665 333 730 ἕω
353 665 389 730 οί
403 659 466 748 μὲν
486 656 552 728 ἀπὸ
566 665 626 748 γης
641 659 795 741 ἐτόξευον
812 661 869 729 καὶ
883 657 1055 748 ἠκόντιζον·
1073 686 1076 745 g

110 770 144 835 οί
162 765 314 853 πολέμιοι
336 762 392 850 δέ,
419 767 454 832 οί
471 762 533 851 μὲν
556 769 604 832 ἔτι
624 762 872 850 καθεύδοντες,
898 760 1076 863 οίελέάρτιἰ

108 866 371 955 ἀφυπνίζοντες,
412 862 612 954 ἀφυλάκτως
653 864 903 955 ἐτιτρώσκοντο.
959 862 1058 935 ”Am

110 972 172 1060 μὲν
190 965 404 1040 ἀνέσπων
367 997 408 1038 τα
428 967 641 1057 πρυμνήσια,
668 966 764 1039 ἀλλοι
783 967 820 1039 δέ
837 965 1000 1041 ἀνεῖλκον
1016 964 1076 1073 τόςΙ

111 1073 327 1163 ἀποβάθρας,
346 1069 441 1142 άλλοι
460 1069 527 1141 δὲ’
510 1071 659 1161 αγκύρας
674 1069 860 1160 ἀνιμάντο·
884 1068 1076 1158 πάντωνίλ.

109 1176 171 1268 βοή
184 1175 294 1245 κάλ’
255 1201 395 1308 ταρμχος
407 1167 461 1262 ἦν.
484 1171 674 1261 Ἀντίγονος
687 1173 832 1300 ἐσήμηνε
845 1176 903 1245 καί
916 1191 991 1256 ταῖς
1003 1172 1059 1263 ἕξή

108 1308 211 1350 κοντα
224 1281 346 1348 ναυσὶν
360 1280 576 1364 ἐπιπλεῦσαι,
591 1278 646 1346 καλ
662 1305 744 1367 μετα
732 1275 869 1366 θυμου
881 1279 942 1349 καί

110 1392 283 1454 ποιεῖσθαι
303 1378 362 1460 τάς
375 1379 527 1469 ἐμβολάς.
557 1377 691 1451 Αάτίκα
719 1379 762 1471 δή
782 1383 984 1469 συνέβαινε,
1008 1384 1076 1469 τόν

112 1486 175 1576 μὲν
189 1482 254 1555 ἀπὸ
265 1490 325 1573 γῆς
339 1481 552 1572 βαλλόντων,
573 1488 653 1567 [των
670 1483 708 1554 δὲ
721 1481 980 1571 έπεπλεόνταν],
995 1510 1058 1573 κρα-
1074 1502 1076 1513 “

113 1602 186 1659 τείν
205 1587 243 1678 μέ
282 1590 323 1632 **
336 1614 415 1668 τους
430 1613 659 1676 νενικηκοτας.

74 1697 91 1752 9
181 1688 375 1779 ιἈντίγονος
399 1688 482 1780 μετά
507 1688 570 1779 τήν
589 1697 690 1778 νίκην
709 1693 768 1778 τῆς
792 1691 830 1759 έν
845 1682 1056 1778 Ἑλλησπόντγ

111 1800 298 1883 ναυμαχίας
320 1802 418 1864 κλεῖν
436 1791 495 1874 κάς
515 1797 598 1876 ναῦς
618 1794 673 1863 έπί
688 1800 848 1881 Φοινίκης
866 1795 980 1879 ἔταξε,
999 1818 1016 1859 τ
1037 1787 1059 1887 ¹·

113 1897 176 1985 μὲν
190 1896 316 1977 ναύτας
336 1897 650 1985 ἐστεφανωμένους,
669 1892 728 1976 τάς
750 1895 786 1965 δὲ
809 1895 965 1986 πρύμνας
979 1918 1052 1964 κων

113 1999 283 2121 σμημένας
317 1997 482 2085 λαφύροις
508 2000 565 2068 καὶ
601 1995 829 2088 ἀκροστολίοις
855 1995 1052 2087 αἰχμαλάτετ

112 2101 275 2191 τριήρων·
306 2101 433 2180 τοῖςδὲ
454 2100 675 2190 κυβερνήταις
701 2104 909 2188 ἐνετείλατο,
936 2091 1068 2221 κάτάύι

113 2206 257 2290 πέλαγος
279 2213 469 2299 παραπλεῖν
488 2209 568 2274 πᾶσι
590 2200 684 2292 μὶν”
665 2231 796 2292 ορμοις,
819 2203 941 2284 πάσαις
957 2196 1044 2273 δέ’
1012 2226 1053 2273 τι·

114 2316 187 2376 λεσι
214 2303 562 2395 προσκελάζοντας,”
543 2333 633 2388 οπως
660 2303 681 2395 ή
708 2314 786 2397 νίκη
814 2296 1053 2432 διαβόητος’
1067 2328 1071 2345 ¹

64 2443 66 2447 ·
116 2413 228 2479 πᾶσαν
248 2407 310 2535 τήη
317 2407 433 2480 Ἀσίαν
454 2413 595 2497 γένοιτο
634 2415 867 2481 Φοίνισσαι
823 2438 903 2500 νηες
915 2406 1056 2499 ὁρμοάσα

116 2509 308 2593 Κιλικίας
290 2510 356 2581 υπὸ
375 2540 422 2607 τφ
439 2509 560 2607 Ρωσίφ
583 2514 710 2601 λιμένι,
733 2512 883 2603 χρήματα
902 2510 1057 2602 Εὐμένους

115 2612 276 2702 ἀγουσαι,
299 2617 498 2705 Σωσιγένην
515 2614 686 2703 ναύαρχον
705 2614 806 2704 εἶχον.
834 2612 870 2685 ‘0
889 2615 953 2705 μέν
966 2624 1075 2685 Σασν’

114 2719 214 2805 γένης
236 2717 290 2787 ἐπὶ
309 2713 432 2803 ὀρθίου
446 2717 556 2806 πάγου
577 2721 764 2806 διέτριβεν,
792 2718 998 2790 ἀποσκοπῶν
1016 2712 1076 2805 τήν·

114 2824 175 2888 τοῦ
195 2818 361 2905 πελάγους
380 2829 524 2910 κίνησιν.
569 2827 615 2890 Oi
642 2820 681 2890 δέ
712 2819 779 2892 ἀπό
800 2827 870 2892 τόν
886 2820 1047 2892 Φοινισσ”

114 2926 221 3010 νεάν,
245 2917 290 3003 ὡς
310 2922 402 2993 εἶδον
415 2922 474 3004 τάς
487 2922 632 3004 νικάσας
647 2930 806 3013 λαμπροῖς
819 2924 1076 3015 κεκοσμημέναι,Υ

114 3021 325 3113 ἁρπάσαντες
351 3024 392 3096 τά
420 3026 569 3116 χρήματα
596 3026 806 3115 έσεπήὸησαν
832 3029 866 3109 ές
889 3026 949 3108 τάς
970 3025 1062 3097 Ἀντι-

115 3129 220 3214 γόνου
239 3128 399 3218 τριήρεις·
419 3135 457 3200 αί
476 3129 514 3199 δὲ
535 3125 656 3198 αὐτίκα
676 3128 858 3219 ἀνήγοντο,
880 3129 989 3201 πολλὰ
1001 3124 1064 3218 χρή

117 3257 203 3318 ματα
232 3233 290 3299 καὶ
320 3232 514 3321 συμμάχους
544 3229 720 3318 [ἀγουσαι].
770 3235 969 3322 Σωσιγένης
994 3231 1030 3303 δέ
1052 3220 1076 3301 ὅ.

117 3331 286 3419 ναύαρχος
299 3332 336 3404 τό
349 3337 493 3422 πέλαγος
505 3331 699 3405 ἀπεσκόπει.
1069 3312 1076 3417 ί

67 3453 100 3504 10
192 3432 384 3524 Ἀντίγονος
406 3439 463 3507 καὶ
483 3434 638 3527 Εὐμένης
659 3436 900 3525 παρετάξαντο·
928 3432 1069 3525 ἀγχάμα·

118 3544 176 3617 λος
190 3533 208 3627 ἡ
223 3543 321 3628 νίκη·
337 3537 492 3631 Εὐμένης
504 3540 637 3632 κήρυκα
650 3542 727 3631 περί
741 3544 873 3629 νεκρῶν
880 3536 1073 3630 ἀναιρέσεως
