2318 3892
67 186 129 250 232
456 181 645 246 ΒῘΒΛΙΟΝ

69 359 175 429 νύκτα
187 358 244 426 καὶ
258 357 425 445 χειμέριον
440 356 749 444 παραφυλάξαντες,
763 369 831 436 τοϊς
845 353 960 437 ἄλλοις
973 382 1027 426 πο·
1069 356 1071 425 ἰ

70 468 176 541 λίταις
184 460 412 549 παρήγγειλαν
419 457 548 529 κατύτδ
555 463 710 529 ἐναντίον
722 460 821 548 μέρος
830 464 893 529 τού
905 467 1029 548 τείχους
1069 462 1071 491 ¹

71 564 322 652 προσβαλόντας
354 567 484 651 βοῆσαι.
536 567 612 631 Τῶν
637 567 920 650 Λακεδαιμονίων
955 565 1028 644 ἔξω·

71 677 137 736 θεν
156 665 209 734 ἐπ’
232 671 363 736 ἐκεῖνον
381 663 441 733 τόν
463 662 567 734 τόπον
587 664 916 752 προσβοηθούντων,
945 669 978 735 οἰ
995 662 1029 735 δέ

71 768 155 838 κατὰ
169 768 206 837 τδ
225 772 380 838 ἐναντίον
402 769 628 855 προσθέμενοι
643 774 807 854 κλίμακας
819 763 1046 856 ύπερέβησανι

9 900 14 907 ·
71 870 109 941 τό
122 887 236 959 τεῖχος.
267 868 319 939 Ού
333 868 400 958 μὴν
414 867 494 939 οὐδὲ
507 867 569 957 την
590 867 642 939 ἐπ’
661 867 819 958 Ἀθηνῶν
839 866 923 940 ὁδόν
941 868 1028 959 έτρό·

72 1001 193 1059 παντο,
209 971 292 1042 ἀλλὰ
307 972 369 1061 τὴν
383 973 437 1041 ἐπὶ
453 977 594 1060 Θηβῶν,
610 967 654 1052 ῶς
667 968 785 1060 ἥκιστα
799 967 842 1042 όν
855 970 943 1042 κατὰ
955 971 1027 1041 ταύ·

71 1104 134 1164 την
156 1076 374 1163 διωχθέντες·
396 1073 530 1161 καὶγὰρ
546 1072 635 1142 ούτω
650 1076 787 1163 συνέβη.
822 1072 1027 1163 Λακεδαιμό-

70 1206 139 1247 νιοι
153 1178 214 1266 μὲν
229 1175 284 1246 διδ
297 1183 358 1249 τοῦ
372 1183 587 1263 Κιθαιρῶνος
603 1179 764 1246 ἐδίωκον·
786 1182 820 1246 ol
832 1178 870 1247 δὲ
886 1185 1027 1247 Πλαται-

73 1294 137 1364 εῖς,
159 1284 196 1349 έκ
216 1284 273 1366 τῆς
288 1274 371 1348 ὁδοῦ
385 1283 442 1366 τῆς
457 1283 627 1366 Θηβαϊκης
641 1282 871 1366 ἐκκλίναντες,
888 1282 1026 1369 ἐπανῆλ-

72 1393 139 1452 θον
156 1384 189 1462 ές
203 1380 259 1462 τὰς
270 1377 380 1460 Ὑσιὰς
394 1378 556 1450 κάκεῖθεν
565 1377 728 1469 Ἀθηναζε
742 1381 970 1472 διεσώθησαν.

400 1558 444 1614 20.
465 1563 706 1616 ΚΕΡΚΤΡΑΙΟΙ.

145 1683 320 1774 Ἀθηναῖοι
339 1685 580 1773 στρατεύουσιν
601 1688 655 1755 ἐπὶ
669 1692 904 1774 Κερκυραίους
923 1684 1028 1776 φυγό-

74 1796 134 1868 δας
147 1789 438 1876 καταλαβομένους
451 1785 488 1857 τό
501 1785 720 1876 τῆςἸστῶνης
736 1787 824 1877 όρος.
861 1793 909 1859 Οἱ
919 1789 957 1859 δὲ
972 1786 1028 1875 [τό]

73 1889 160 1961 ὅπλα
180 1894 398 1978 παρέδωκαν,
421 1890 654 1977 ἐπιτρέποντες
685 1895 732 1983 τῷ
746 1890 840 1979 δήμω
856 1888 1058 1979 dvm-u

73 1999 180 2063 ναίων
193 1991 444 2080 βουλεύσασθαι
458 1993 534 2079 περὶ
549 1990 678 2061 αὐτῶν·
697 1990 758 2062 ε’όιν
772 1996 812 2063 δέ
821 2019 911 2075 τινες
924 1991 1032 2063 αὐτῶν

74 2093 258 2183 φεύγοντες
286 2090 408 2178 ἁλῶσι,
431 2093 593 2163 λελύσθαι
615 2092 674 2174 τὰς
694 2095 853 2176 σπονδάς.
900 2104 1031 2186 Κερκν·
1068 2178 1071 2183 ,

75 2211 179 2286 ραῑοι,
200 2201 371 2275 δείσαντες
390 2193 435 2284 μη
452 2196 704 2284 φιλανθρώπως
720 2197 947 2287 βουλεύσηται
961 2198 1033 2288 περὶ
1069 2186 1071 2261 δ

73 2297 187 2369 αὐτῶν
200 2295 419 2386 δἈθηναίων
431 2302 550 2387 δῆμος,
565 2298 679 2387 κρύφα
694 2307 848 2387 ἔπεμψαν
861 2300 954 2387 πρὸς
962 2300 1033 2390 Ἀρ-

72 2410 201 2489 γείονς,
217 2399 404 2489 ἀποδρᾶναι
419 2402 708 2489 συμβουλεύοντες
721 2404 778 2471 καὶ
791 2402 1035 2484 πλοῖον-αύτοίς
1048 2434 1071 2475 ιι-

73 2503 309 2591 παριστύντες,
344 2508 401 2572 ἵνα
435 2505 647 2574 πεισθέντων
681 2520 807 2593 φυγεῖν
832 2510 870 2574 αί
893 2508 1037 2578 σπονδαί
1067 2518 1071 2561 ¹

73 2616 225 2676 λυθεῖεν.
249 2604 424 2694 Ἀθηναῖοι
444 2606 483 2677 δέ
502 2603 904 2697 ῶςπαρασπονδήσαντας
916 2606 1038 2691 αὐτούς

75 2708 242 2789 ἐξέδωκαν
278 2723 348 2788 τοῖς
379 2716 620 2798 Κερκυραίοις·
655 2715 690 2779 οί
720 2710 759 2780 δέ
786 2710 1038 2802 παραλαβόντες

75 2804 226 2889 ἅπαντας
238 2805 449 2878 ἀπέκτειναν.

412 2987 450 3043 21.
467 2989 694 3045 ΑΙΓΕΣΤΑΙΟΙ.
1051 3010 1071 3053 2

151 3120 346 3202 Αίγεσταῑοι
371 3117 429 3202 της
450 3109 643 3201 Ἀθηναίων
671 3123 860 3205 συμμαχίας
883 3115 1040 3207 δεόμενοι

73 3214 181 3286 πολλὰ
198 3219 254 3286 καὶ
280 3215 408 3306 μεχόλα
426 3215 577 3307 χρήματα
596 3213 789 3307 ὑπέσχοντο,
823 3220 1039 3309 Πεμψύντων

70 3391 289 3403 ..ιι-.-

140 3479 208 3545 Gap.
228 3480 271 3531 20.
306 3483 349 3531 Ex
368 3479 490 3545 Thucyd.
506 3482 536 3545 4,
554 3479 589 3531 46
602 3494 661 3548 sqq.

142 3548 211 3614 Gap.
231 3549 274 3599 21.
309 3551 353 3600 Ex
372 3548 494 3617 Thucyd.
513 3550 545 3614 δ,
563 3547 607 3605 46.
