2318 3892
541 164 727 226 Βιεκιοω

486 397 519 454 ll.
538 396 777 451 ΜΑΡΚΕΑΛΟΣ.

229 541 430 630 Μάρκελλος
457 539 678 628 Συρακούσας
705 542 913 629 πολιορκῶν,
952 532 1028 610 ύπδ
1054 544 1113 609 τάν

147 642 348 735 Ἀρχιμήδου
380 643 628 733 μηχανημάτων
663 637 857 730 ἡσσώμενος
887 641 1113 731 προσβάλλειν

151 749 213 837 μὲν
232 745 344 817 ούκέτι
365 761 433 827 τοῖς
452 754 596 835 τείχεσιν
619 743 776 837 έθάρσει,
796 743 907 838 χρόνῳ
922 744 964 815 δὲ
978 742 1045 834 τὴν
1059 770 1111 817 πο·
1140 770 1147 791 ·

66 882 69 889 ·
150 857 303 942 λιορκίαν
329 851 498 939 ἐπέτρεψε.
542 851 609 917 Καὶ
637 846 679 936 δὴ
705 845 787 936 μετά
813 845 903 918 πολύ
928 846 1127 938 Δάμιππονε

149 950 369 1065 Σπαρτιάτην
382 956 616 1041 Συρακουσῶν
636 953 820 1021 ἐκπλέοντα
834 948 921 1021 έλων
944 950 1113 1040 αἰχμάλω-

150 1083 227 1141 τον,
252 1032 365 1143 ἔμαθε
385 1052 474 1144 παρά
500 1053 621 1123 τούτου
643 1052 774 1140 πύργον
793 1053 881 1123 εἶναι
900 1057 966 1122 τού
989 1060 1111 1143 τείχους

150 1156 409 1245 φυλασσόμενον
428 1155 575 1244 ἀμελῶς,
599 1155 791 1245 δυνάμενον
810 1152 937 1242 ἀνδρας
953 1157 1111 1240 δέξασθαι

151 1257 311 1346 συχνούς,
336 1265 396 1327 τοῦ
419 1264 548 1346 τείχους
570 1255 763 1346 ἐπιβατού”
745 1284 851 1338 ουτος.
895 1256 995 1348 Πρὸς
1020 1257 1108 1349 δὴ
1081 1286 1111 1327 το

148 1359 234 1443 ύυος
275 1357 380 1428 αύτού
424 1362 633 1450 συμμέτρους
667 1368 830 1449 κλίμακας
862 1359 1110 1440 κατασκευάσας

149 1462 366 1553 Μάρκελλος,
389 1469 637 1555 Συρακουσίων
652 1462 770 1552 ἑορτὴν
783 1460 938 1549 ἀγόντων
947 1460 1110 1554 Ἀρτέμιδι
1150 1469 1153 1525 ί

149 1568 206 1635 καὶ
225 1568 301 1655 περὶ
315 1566 426 1656 μέθην
439 1568 494 1635 καὶ
509 1563 650 1634 παιδιάν
668 1565 829 1659 ἐχόντων,
848 1564 909 1634 τόν
922 1592 964 1637 τε
985 1566 1111 1657 πύργοι
1148 1570 1153 1607 ‘

149 1669 286 1756 κατέσχε
307 1670 364 1737 καὶ
389 1668 503 1761 κύκλῳ
523 1666 561 1737 τὸ
580 1683 686 1754 τεῖχος
704 1665 820 1738 ότιλων
839 1667 1038 1759 ἐπλήρωσε,
1063 1670 1108 1739 καί
1149 1674 1153 1725 ⁴

149 1769 215 1858 πρὸ
235 1776 293 1859 της
307 1774 351 1839 έω
366 1770 406 1841 τά
415 1769 581 1854 Ἑξάπυλα
594 1770 758 1853 διακόψας
771 1770 910 1859 κατέσχε
923 1769 991 1865 τὴν
1004 1773 1106 1843 πόλιν.

151 1877 195 1941 Οί
206 1872 269 1961 μὲν
277 1878 475 1960 στρατιῶται
484 1878 648 1960 γενναίως
656 1870 902 1961 ἀγωνισάμενοι
914 1878 977 1964 τῆς
987 1875 1107 1953 πόλεως

148 1971 304 2064 ἁρπαγὴν
316 1972 498 2066 ᾐτήσαντο·
520 1973 560 2044 ού
579 1973 646 2063 μὴν
660 1982 765 2045 ἔδωκε
779 1975 994 2065 Μάρκελλος,
1007 1974 1060 2047 ὅτι
1073 1974 1107 2067 μὴ
1137 1966 1142 1995 ³

148 2074 215 2145 ἀπὸ
236 2076 349 2163 μόνων
368 2075 594 2165 ἀνδραπόδων
613 2079 668 2147 καὶ
688 2076 867 2168 χρημάτων
890 2076 1107 2168 ἀφελεῖσθαι,

149 2184 217 2247 τάν
228 2179 266 2248 δὲ
280 2182 381 2268 ίεράν
390 2180 446 2249 καλ
460 2185 528 2250 των
542 2181 737 2272 ἐλευθέρων
749 2180 915 2272 σωμάτων
928 2177 1106 2271 ἀπέχεσθαι

149 2283 361 2370 προσέταξεν.

519 2459 557 2519 12.
576 2462 742 2513 ΑΤΙΛΙΟΣ.

222 2583 362 2666 Ἀτίλιος
376 2580 478 2665 ἁλούς
495 2582 561 2654 ὑπὸ
574 2590 819 2673 Καρχηδονίων
834 2582 969 2675 άμοσεν
986 2586 1108 2675 αύτολς,

149 2683 191 2774 ἢν
216 2685 348 2777 ἀφεθῇ,
376 2704 488 2757 πείσαι
514 2686 577 2778 την
596 2687 784 2776 σύγκλητον
804 2690 1037 2761 διαλύσασθαι
1055 2690 1108 2763 τόν

149 2787 306 2876 πόλεμον,
320 2787 365 2877 μη
387 2797 503 2871 πείσας
519 2791 556 2860 δὲ
571 2786 615 2869 ὥς
631 2788 752 2871 αύτούς
764 2787 984 2881 ἀναστρέψαι.
1016 2791 1107 2884 Ἀφι-

148 2889 287 2979 κόμενος
302 2894 335 2972 ἐς
345 2887 471 2978 Ῥώμην
485 2890 685 2962 τούναντίον
702 2898 814 2963 ἔπεισε
827 2891 890 2983 τὴν
903 2894 1107 2987 σύγκλητον·

147 2994 222 3062 τότε
252 2991 296 3083 δὴ
316 2994 373 3062 καὶ
394 2998 522 3082 μᾶλλον
543 2995 773 3082 [συμβάλλειν]
796 3002 1046 3087 Καρχηδονίοις
1067 2995 1132 3079 ύςε

147 3091 412 3185 ἀπαγορεύουσι,
427 3097 483 3163 καὶ
495 3094 535 3164 τά
549 3101 606 3185 της
619 3094 799 3179 ἀσθενείας
812 3097 925 3170 αὐτῶν
938 3097 1110 3193 ἀπόρρητα

147 3198 204 3265 καὶ
224 3193 266 3266 δν
282 3199 408 3287 τρόπον
428 3195 497 3266 είεν
516 3193 678 3287 ἀλάσιμοι
702 3200 942 3292 προηγόρευσε.
985 3210 1054 3295 Τῆς
1074 3203 1109 3273 δὲ

147 3299 336 3389 συγκλήτου
364 3299 621 3390 παρακαλούσης
647 3299 751 3372 αὐτόν
779 3305 895 3392 μένειν
911 3306 969 3376 καὶ
990 3304 1054 3377 τόν
1074 3310 1109 3377 ἐν

145 3421 174 3437 μ
214 3462 280 3527 Cap.
301 3464 344 3514 ll.
380 3465 423 3513 Ex
440 3464 514 3517 Plut.
533 3464 662 3515 Marcello
680 3466 713 3517 18
729 3481 771 3534 εη.

84 3606 89 3619 Ι
214 3530 281 3596 Cap.
299 3532 341 3582 12.
375 3532 417 3585 cf.
434 3533 577 3600 Appianas
593 3535 690 3587 Punic.
710 3537 736 3593 4.
