2318 3892
418 158 580 247 mom.
919 185 978 249 τοο

47 357 141 441 υκτὸς
156 361 388 446 παραδοῦσαν,
408 355 499 446 λάθη
519 355 648 439 τοδςέν
660 363 702 447 τή
715 358 820 431 πόλει.
853 362 922 430 Καὶ
936 359 979 450 δή

47 461 137 534 κθών
150 459 229 552 μεθ’
247 457 376 549 ήμέραν
389 463 530 530 ἐπέθετο
542 459 587 549 μή
600 467 841 551 προσδοκῶσιν.

91 563 281 654 Ἰφικράτης
302 565 339 633 έν
358 563 474 653 Θράκῃ
497 563 643 646 πολλοὺς
663 571 785 654 έλαβεν
810 568 976 656 αἰχμαλώ·
996 587 1030 639 62

47 697 97 749 ιυς
112 667 297 760 Ὀδρυσῶν.
333 671 379 736 OC
393 667 456 754 μέν
477 665 518 755 δή
537 673 696 756 σφοδρώς
712 671 883 739 ἐπέκειντο
897 671 978 758 βάλ-

47 798 136 852 υντες
149 770 206 839 καὶ
221 767 461 852 ἀκοντίζοντες·
476 765 494 838 ὁ
508 769 546 838 δὲ
562 786 632 851 τοῖς
645 771 890 861 πρωτοστάταις
906 773 979 842 ἑκά-

47 902 89 966 τφ
121 872 331 960 αἰχμάλωτον
364 868 495 961 γυμνὸν
520 875 745 962 παρέστησεν,
781 877 814 958 ἐξ
846 873 981 964 ίμάντος

47 983 128 1059 τίσω
158 981 226 1044 τών
251 980 373 1098 χειροῖν
400 975 676 1062 δεδεμένοονΟ
648 978 755 1048 Οίδὲ
779 975 980 1066 Ὀδροσαῑοι,

47 1077 99 1160 ιδς
114 1084 201 1149 οίκεί
199 1105 258 1157 ους
271 1107 317 1167 μη
304 1075 527 1168 βουλόμενοι
539 1077 755 1200 τιτρώσκειν,
769 1109 830 1152 του
814 1079 982 1170 βάλλειν

47 1185 77 1252 αλ
89 1179 272 1265 ἀκοντίζειν
284 1179 472 1268 ἀπείχοντο.

95 1283 280 1410 Ἰφικράτης
296 1286 372 1373 περὶ
387 1290 552 1372 Φοινίκην
563 1288 791 1356 καταπλέσν’
775 1283 893 1357 εκατδν
907 1302 979 1373 τρι·
997 1305 1031 1358 63

47 1387 229 1476 κοντόροις,
249 1394 337 1458 ἔνθα
352 1388 545 1476 τεναγώδης
558 1387 707 1476 αἰγιαλὸς
722 1381 781 1478 ήν,
806 1389 890 1460 ἰδών
903 1390 981 1470 τούς

47 1498 182 1572 ὀίνικας
201 1488 291 1578 παρά
310 1488 372 1580 τήν
385 1488 481 1579 ήϊόνοι
495 1495 724 1576 συνθέοντας,
744 1492 979 1582 παρήγγειλεν,

47 1622 102 1664 ταν
128 1592 166 1664 τδ
186 1609 325 1682 σημεῖον
344 1590 550 1684 άναδειχθή,
578 1610 647 1674 τοῖς
672 1596 734 1682 μέν
760 1596 981 1684 κυβερνήταις

47 1725 173 1785 γαυραν
193 1695 329 1785 ἀφιέναι
349 1694 432 1765 κατά
450 1695 610 1784 πρύμναν
628 1699 684 1765 καὶ
705 1694 766 1786 τήν
782 1697 981 1786 καταγωγήν

47 1801 163 1884 ντάξει
177 1809 360 1885 ποιεῖσθαι,
374 1814 441 1879 τοϊς
455 1798 492 1869 δὲ
505 1799 721 1886 στρατιώταις
735 1794 980 1888 ὁπλισαμένοις,

47 1925 162 1974 εαστον
188 1899 273 1972 κατά
300 1899 363 1991 τήν
387 1899 493 1972 αὑτοῦ
519 1901 638 1992 κώπην
657 1909 706 1984 είς
723 1899 785 1991 τήν
803 1904 982 1974 θάλασσαν

47 2003 126 2077 δτδν
148 2008 305 2076 καθιέναι
325 2006 382 2074 καλ
402 2003 466 2095 τήν
482 2001 589 2074 αὑτοῦ
609 2007 703 2089 τάξιν
723 2006 979 2094 διαφυλάττειν·

50 2139 66 2190 ς
86 2110 123 2180 δέ
137 2107 202 2198 ήδη
227 2108 418 2198 σύμμετρον
437 2104 609 2197 ὑπέλαβεν
630 2108 716 2180 εἶναι
728 2108 765 2179 τδ
780 2116 838 2200 τής
851 2109 979 2181 θαλάσ·

47 2241 81 2302 ης
99 2213 223 2301 βάθος,
249 2210 400 2283 άνέτεινε
419 2211 457 2282 τδ
478 2228 618 2301 σημείου
637 2218 696 2301 τής
717 2212 894 2302 ἐκβάσεως.
939 2221 986 2283 Αἰ

47 2316 253 2404 ριακόντοροι
271 2314 333 2402 μέν
352 2318 391 2385 έν
409 2315 498 2398 τάξει
516 2315 699 2403 κατήγοντο
720 2314 776 2384 διά
789 2322 857 2386 τών
868 2315 982 2410 Ιοἰγκυ·

47 2426 110 2506 ών,
139 2423 175 2488 ολ
192 2418 228 2488 δὲ
251 2415 373 2508 ἄνδρες
392 2419 430 2486 ἐν
447 2416 537 2500 τάξει
557 2417 803 2506 προβαλόμενοι
824 2425 983 2508 προήγον.

47 2529 70 2591 ἰ’
87 2523 124 2592 δὲ
146 2523 316 2610 πολέμιοι,
336 2523 602 2607 καταπλαγέντες
621 2518 684 2609 τήν
696 2520 789 2602 τάξιν
802 2519 915 2592 αὐτῶν
928 2525 984 2591 καὶ

47 2624 84 2714 ήν
105 2625 250 2713 τόλμαν,
275 2631 433 2710 ἔφευγον.
476 2628 521 2692 Οί
533 2623 570 2693 δὲ
585 2621 798 2711 Ἰφικράτειοί
810 2652 903 2706 τινας
922 2625 985 2714 μὲν

47 2728 203 2811 ιώξαντες
237 2724 458 2820 ἀπέκτειναν,
493 2724 587 2806 τινάς
614 2726 651 2796 δὲ
677 2726 886 2817 ἐζώγρησαν,
924 2731 983 2799 καί

47 2840 120 2901 είαν
140 2829 268 2921 πολλήν
288 2828 546 2920 περιελάσαντες
565 2831 621 2899 καί
639 2831 765 2920 ταύτην
783 2835 817 2911 ἐς
830 2829 888 2912 τάς
901 2839 985 2912 ναῦς

47 2934 264 3023 τβαλόμενοι,
284 2933 515 3023 στρατόπεδον
526 2934 582 3004 ἐπὶ
596 2939 656 3024 γῆς
669 2934 923 3024 κατεστήσαντο.

371 3113 411 3168 10.
437 3115 639 3170 ΤΙΜΟΘΕΟΣ.
730 3173 733 3176 ,
762 3157 765 3160 .

93 3239 149 3310 Ἐν
175 3237 310 3335 Ἀττικβ
337 3243 550 3333 στρατοπέδῳ
572 3240 692 3320 σπάνις
713 3231 756 3328 ήν
777 3249 983 3330 νομίσματος.
1004 3263 1019 3312 1

47 3344 195 3431 Ἷιμόθεος
221 3349 333 3413 ἔπεισε
359 3341 438 3424 τούς
459 3343 624 3432 ἐμπόρους
642 3347 788 3432 χρῆσθαι
809 3353 986 3432 νομίσματι

47 3450 195 3536 ήέαυτοῦ
205 3434 380 3538 σφραγίδι,
388 3444 704 3534 ἀπαλλασσομένους
716 3444 985 3535 δέ’[άπυδιδάναι]

47 3551 89 3640 ήν
102 3555 275 3642 σφραγίδα
287 3551 343 3646 καί
360 3548 398 3621 τδ
412 3547 576 3642 ἀργύριον
590 3549 784 3639 λαμβάνειν.
816 3548 985 3621 Ἐπίστευ-
