2318 3892
474 161 657 224 ΟΓΔΟΟΝ.
984 160 1043 225 321

72 332 205 414 πάντες
220 327 419 422 ἀνεπήδων,
435 333 588 418 διέθεον,
607 329 833 422 άνεσκίρτωυ,
855 331 911 414 τάς
932 342 1045 421 φυλα-

72 435 141 519 κὰς
159 433 335 506 ἀπέλιπον.
368 435 534 524 Χρυσάμη
554 443 660 505 ταῦτα
682 440 802 506 ίδούσα
823 433 883 505 τὸν
897 434 1044 506 Κνάπον

73 542 254 625 ἐκέλευσε,
268 534 325 607 διά
337 537 458 624 τάχους
476 535 612 609 ὁπλίσαι
634 537 698 629 τήν
720 536 880 625 στρατιάν
899 539 956 608 καὶ
975 555 1044 620 τοῖς

74 649 251 730 πολεμίοις
266 639 419 728 ἐπάγειν,
434 637 628 729 ἀμύνασθαι
641 639 687 730 μή
702 642 911 727 δυναμένοις.
944 638 1044 710 Οὕτω

49 742 123 834 ιδή
148 748 312 829 Κνωπος,
338 739 470 812 άνελύν
497 740 662 829 ἅπαντας,
687 743 846 832 ἐκράτησε
872 750 930 833 τής
949 740 1043 833 Ἐρυ-

72 853 214 939 θραίων
227 845 356 925 πόλεως
368 845 514 934 μεγάλης
527 873 564 916 τε
577 848 632 914 καὶ
653 842 860 933 εὐδαίμονος.

414 1024 457 1099 44.
477 1026 719 1087 Ποενεειιιε,

154 1149 226 1222 Επλ
235 1148 414 1237 Βοιωτους,
422 1159 457 1221 ὶ
468 1150 569 1220 παλαι
585 1147 814 1221 Θεσσαλίαν’
787 1178 911 1246 ῳκουν,
927 1150 1042 1241 έστρά
1132 1172 1142 1181 ’

78 1275 201 1326 τευσεν
221 1264 345 1351 Αίατρς
371 1249 389 1323 ὁ
415 1261 624 1341 Φειδίππου,
652 1253 866 1324 Πολύκλειαν
892 1251 1045 1341 άδελφήν

49 1362 184 1447 εέχων·
200 1334 414 1448 Ἡρακλεῖδαι
434 1384 472 1426 το
460 1355 629 1444 γένος”
608 1386 719 1445 αμφω.
747 1354 903 1447 Χρησμδς
919 1349 963 1446 ήν
983 1386 1043 1445 αρ

61 1456 195 1548 W,
175 1488 212 1541 ος
225 1456 269 1530 άν
281 1462 319 1529 ἐκ
332 1486 392 1529 του
377 1460 524 1544 γένους
537 1465 666 1548 πρῶτος
680 1457 845 1547 διαβάς
812 1487 872 1529 τον
881 1456 1045 1553 Ἀχελῷον

81 1564 235 1655 λπιβή
193 1590 252 1653 της
265 1567 435 1649 πολεμίας.
459 1557 503 1631 Η
505 1562 569 1650 μὲν
580 1560 719 1653 στρατιά
732 1559 790 1631 τὸν
804 1560 954 1649 ποταμὸν
968 1566 1043 1630 δια-

80 1672 215 1754 βαίνειν
228 1671 359 1753 ἔμελλε·
375 1664 567 1734 Πολύκλεια
582 1664 619 1734 δὲ
633 1662 691 1734 τὸν
705 1663 793 1733 πόδα
806 1664 1043 1751 ἐπιδησαμένη,

81 1768 258 1858 φάσκουσα
269 1772 458 1857 τετρῶσθαι
472 1765 509 1835 τδ
523 1764 657 1857 σφυρδν
671 1773 860 1854 παρακαλεῖ
870 1762 929 1833 τδν
942 1762 1042 1834 άδελ-

49 1870 149 1961 Ιιφδν
163 1881 294 1941 Αίατου
307 1876 495 1957 διενεγκεῖν
508 1864 615 1957 αὑτήν
635 1863 721 1959 ύπλρ
741 1866 801 1937 τὸν
820 1866 978 1955 ποταμόν.
1008 1864 1043 1935 Ὁ

80 1975 119 2046 δέ
139 1974 249 2064 μηδὲν
269 1970 501 2057 ὑποπτεύσας,
521 1968 597 2041 ἀλλ’
620 1967 664 2052 ύς
687 1969 821 2061 ἀδελφῇ
839 1969 1044 2060 βουλόμενος
1136 2040 1140 2045 ,

76 2074 309 2168 ύπουργήσαι,
330 2073 392 2166 τήν
405 2075 468 2164 μέν
487 2071 614 2173 άσπίδα
635 2076 783 2144 ἐπέδωκε
803 2089 873 2153 τοῖς
893 2069 1041 2163 ὁπλοφό-

78 2207 170 2271 ροις,
195 2177 258 2269 τήν
279 2178 316 2248 δέ
335 2179 549 2248 Πολύκλειαν
568 2173 733 2265 άράμενος
754 2176 885 2264 ἐβάδιζε
906 2174 963 2246 διά
982 2181 1043 2245 τοῦ

77 2287 233 2371 ποταμοῦ
254 2280 448 2371 προθύμως.
495 2275 538 2348 Ἠ
555 2279 593 2349 δὲ
618 2279 803 2367 γευομένου
825 2283 967 2366 πλησίου
986 2282 1045 2365 τῆς

49 2383 204 2476 λύχθής,
233 2383 394 2474 φθάσασα
421 2378 557 2470 ἐξήλατο
584 2383 640 2451 καλ
668 2395 937 2470 μεταστραφεῖσα
962 2377 1045 2467 πρὸς

74 2487 139 2560 τὸν
152 2485 305 2576 άδελφδν
320 2492 403 2575 ἔφη·
419 2482 438 2510 “
450 2482 547 2572 Ἐμόν
560 2485 661 2574 γέρας
673 2480 694 2572 ή
710 2487 864 2572 βασιλεία
877 2480 962 2551 κατά
985 2481 1044 2551 τὸν

74 2596 140 2662 τοῦ
148 2595 235 2661 θεοῦ
242 2588 407 2681 χρησμόν
424 2582 1042 2677 πρύτηγάράπάυτωυτήςχάραςἐπέ·

76 2689 182 2783 βην.”
212 2703 335 2774 Αίατος
353 2688 553 2777 αἰσθόμενος
567 2694 624 2779 τῆς
638 2684 764 2777 άπάτης
784 2684 847 2757 ούκ
869 2688 1042 2776 ἐχαλέπαι-

76 2823 152 2882 νεν,
165 2793 204 2866 τδ
218 2795 256 2866 δὲ
271 2793 428 2885 φρόνημα
440 2796 498 2882 τής
511 2791 612 2881 κόρης
625 2787 791 2879 άγάμενος
804 2786 910 2880 αύτήν
923 2796 1042 2878 ἔγημε·

49 2901 137 2972 ικαὶ
157 2894 243 2989 δμού
261 2896 497 2987 βασιλεύοντες
516 2901 621 2965 παῖδα
642 2890 814 2964 Θεσσαλὸν
833 2891 1043 2979 ἐποιήσαντο,

78 2997 144 3092 άφ’
159 2991 203 3074 οὗ
215 3003 273 3073 καλ
285 2998 348 3092 τήν
361 2998 461 3070 πόλιν
475 3004 664 3069 Θεσσαλίαν
678 2995 963 3087 προσηγόρευσαν.

460 3177 501 3235 45.
519 3180 668 3234 ΛΕᾹῙΝΑ.

155 3307 427 3400 Ἀριστογείτων
433 3307 490 3377 καλ
505 3302 679 3395 Ἁρμόδιος
699 3307 769 3382 πῶς
789 3302 951 3371 ἐπέθεντο
976 3311 1047 3377 τοῖς

81 3413 279 3504 τυράννοις,
300 3408 413 3491 ούδελς
428 3406 596 3499 Ελλήνων
622 3404 747 3493 άγυοεί.
784 3394 848 3473 Ην
874 3399 938 3490 γάρ
955 3397 1045 3490 Ἀ-ρι

49 3541 63 3582 ⁰
83 3522 272 3605 στογείτονι
285 3509 461 3602 έταίρα,’
442 3540 548 3600 ονομα
568 3513 711 3581 Λέαινα
727 3503 854 3589 Ἱππίας
866 3502 929 3594 τήν
942 3505 1044 3576 Λέαι-

132 3645 264 3684 vonum
284 3643 379 3682 ετεευ.
852 3623 890 3683 21
