2318 3892
158 182 201 255 νο,
559 183 746 250 mmmm
929 150 935 165 '
1104 39 1120 291 ί

160 365 316 449 ἐμβολαῖς
342 358 568 449 άνερρήγνυε,
600 357 659 440 τάς
689 359 726 430 δδ
755 358 1106 450 προσορμιζομέναςή

160 471 204 554 γή
223 468 345 552 χειρῶν
359 468 509 552 σιδηρῶν
523 467 694 551 ἐπιβολαῖς
707 459 868 550 ἀφεῖλκε,
882 462 972 545 τούς
994 463 1033 535 δδ
1055 460 1106 533 h*
1146 498 1153 537 ι

161 572 340 663 βαίνοντας
353 568 532 636 ένέκοπτον
545 569 579 634 οί
590 564 823 654 Φαρναβάζου.
851 568 974 649 Τέλος
989 566 1028 637 δδ
1046 570 1106 635 Mer
1147 601 1153 641 ι

163 676 264 760 δαρος
277 667 391 739 πεσάν
405 664 600 757 Ἀλκιβιάδῃ
614 667 852 758 λαμπροτάτην
865 664 980 758 νίκην
1002 674 1106 739 ἐδωεν.
1150 708 1153 741 ι

500 846 537 902 41.
560 849 786 902 ΑΡΧΙΔΑΜΟΣ.
1135 807 1145 845 ⁵

126 993 141 1044 1
232 971 448 1062 Ἀρχίδαμος,
469 970 675 1067 ἐνἈρκαδίρι
696 975 829 1062 μέλλων
849 974 1106 1066 παρατάσσεσδτ

159 1082 200 1165 τῇ
215 1072 375 1166 ὑστεραίᾳ
395 1076 564 1166 ἐπέρρωσε
578 1073 656 1157 τούς
675 1074 913 1166 Σπαρτιάτας,
938 1076 1004 1149 διὰ
1019 1074 1109 1155 νυκτός
1136 1074 1139 1079 ’

160 1175 276 1267 βωμὸν
301 1176 524 1266 ἱδρυσάμενος
544 1180 600 1247 καὶ
613 1178 781 1268 κοσμήσας
797 1175 920 1261 ὅπλοις
940 1176 1108 1273 λαμπραί·

159 1308 229 1361 τοις
260 1281 316 1348 καὶ
336 1284 460 1360 ἵππους
483 1280 544 1351 δάο
563 1280 789 1371 περιαγαγών.
817 1278 915 1351 Ἐπεὶ
935 1284 980 1353 δὲ
1001 1276 1048 1373 ήν
1063 1288 1106 1365 Sos
1134 1315 1153 1359 α

161 1388 195 1453 οί
206 1385 341 1470 λοχαγοί
361 1386 419 1451 καί
434 1386 467 1453 οί
480 1386 649 1473 ταξίαρχοι
666 1381 767 1455 καινά
784 1379 873 1453 ὅπλα
886 1386 949 1455 καί
964 1388 1105 1457 δυολνίν

160 1511 240 1556 ποιν
254 1495 330 1573 ίχνη
346 1487 401 1555 καί
418 1484 533 1575 βωμὸν
547 1483 735 1576 αὐτόματον
748 1485 898 1573 ίδόντες,
920 1487 1108 1577 διήγγειλα,

161 1585 205 1668 ὡς
223 1590 258 1657 οί
275 1586 480 1676 Διόσκουροι
506 1586 777 1678 συμμαχήσοντες
795 1585 926 1679 ήκοιεν.
965 1596 1017 1661 Oi
1033 1610 1108 1677 σερε
1138 1626 1143 1643 ·

159 1696 275 1760 τιῶται
294 1690 527 1782 θαρρήσαντες
546 1694 602 1760 καί
624 1690 684 1772 τάς
700 1691 836 1780 γνώμας
856 1696 982 1763 ἔνθεοι
995 1693 1110 1782 γενόμ·

159 1821 213 1863 νοι
227 1801 392 1879 γενναίως
403 1790 612 1883 ἠγωνίσαντο
625 1795 681 1863 καὶ
692 1792 770 1874 τούς
779 1791 947 1884 Ἀρκάδας
957 1799 1111 1885 ἐνίκησαν.
1146 1830 1153 1868 ι

125 1915 141 1965 2
232 1893 427 1985 Ἀρχίδαμος
435 1896 624 1987 ἐπολιόρκει
637 1896 822 1986 Κόρινθον.
845 1887 911 1967 Ἦν
924 1899 967 1968 ἐν
980 1905 1026 1992 τῇ
1037 1895 1112 1971 πόλει

159 1995 273 2078 στάσις
291 2003 360 2067 τῶν
380 2005 553 2068 πλουσίων
568 2000 624 2068 καί
644 2005 713 2069 τάν
727 1997 897 2088 πενήτων,
920 2006 998 2071 τῶν
1009 1994 1114 2092 μδνός

159 2097 355 2187 ὀλιγαρχίαν
367 2101 593 2190 πραττόντων,
607 2106 676 2172 τάν
687 2102 724 2172 δὲ
734 2097 989 2191 άςπροδοσίαυ.
1019 2109 1115 2175 Ταῦτα

159 2198 280 2291 μαθων
292 2199 487 2292 Ἀρχίδαμος
507 2200 610 2293 άνήκε
623 2204 660 2273 τὸ
674 2202 826 2293 σφοδρόν
838 2208 896 2293 τῆς
910 2214 1115 2297 πολιορκίας·

159 2303 222 2375 οὐκ
253 2309 301 2374 ἐτι
328 2306 545 2396 μηχανήματα
578 2314 764 2396 προσῆγεν,
800 2304 864 2376 οάκ
891 2313 943 2377 ἔτι
969 2309 1115 2401 περιετά-

161 2434 307 2497 φρενεν,
327 2406 390 2477 οὐκ
411 2415 460 2478 ἐτι
482 2406 546 2498 τήν
563 2410 677 2501 χάραν
697 2418 845 2498 ἔτεμνεν.
890 2414 937 2480 Ol
954 2412 1115 2497 πλούσιοι,
1149 2444 1153 2480 ε

161 2507 411 2603 φοβηθέντες
388 2539 432 2592 ως
444 2509 510 2601 άρα
523 2525 592 2592 τοῖς
602 2515 723 2602 πένησι
733 2516 935 2603 προδιδοῦσι
945 2523 1118 2605 χαρίζοιτο,

160 2611 354 2699 φθάσαντες
368 2615 681 2703 ἐπεκηρυκεύσαντο
696 2612 802 2686 καί
765 2641 827 2704 την
836 2612 938 2685 πόλιν
951 2617 1119 2691 ἐνέδωκαν

154 2711 362 2806 Ἀρχιδάμῳ,
389 2716 427 2785 τδ
454 2721 608 2796 είσαῦθις
636 2713 784 2803 άσφαλες
809 2714 891 2805 πρός
910 2715 1023 2791 αὐτόν
1043 2742 1119 2792 συν·

160 2817 313 2903 Πθέμενοι
1129 2856 1134 2873 ·

125 2935 143 2989 3
238 2912 557 3004 Λακεδαιμονίων’
539 2944 559 3005 η
579 2916 673 2998 πόλις
691 2921 763 2991 ἐσεί
748 2928 845 3011 ίσθη,
868 2923 926 2992 καί
946 2922 1120 3014 πέντεμό·
1133 2938 1149 2977 ²⁵

159 3050 216 3091 ναι
243 3018 457 3108 διεστάθησαν
480 3024 593 3090 οἰκίαι.
629 3017 825 3113 Ἀρχίδαμος
845 3020 1041 3114 ὁράντοδς
1063 3024 1121 3098 άν-

159 3123 321 3213 θράπονς
339 3124 393 3192 ἐπὶ
415 3118 453 3191 τό
473 3120 591 3205 στάζειν
611 3123 652 3194 τά
666 3128 704 3195 έν
723 3143 795 3207 ταῖς
813 3132 935 3210 οίκίαις
953 3131 1120 3219 τραπομέ·

158 3252 257 3310 νους,
288 3232 400 3304 δείσας
426 3221 472 3313 μή
500 3224 623 3307 πάντες
648 3224 903 3317 ἀποληφθέντες
928 3226 1121 3316 ἀπόλοιντο,

158 3334 199 3418 τῇ
212 3328 371 3416 σάλπιγγι
385 3335 555 3417 πολεμίων
568 3335 694 3418 ἐφοδον
708 3331 883 3420 ἐσήμανεν.
907 3336 1120 3407 Πιστεάσαν-

158 3458 211 3512 τες
226 3437 260 3502 οί
270 3430 428 3513 Λάκωνες
441 3429 524 3522 πρός
538 3429 642 3504 αὐτόν
649 3436 875 3524 συνέδραμον·
891 3439 928 3506 αί
938 3436 1004 3525 μὲν
1018 3444 1153 3511 οίκίαια

158 3537 364 3622 συνέπεσον,
378 3532 473 3607 αὐτοὶ
488 3536 526 3607 δέ
541 3533 647 3618 οὕτως
664 3535 850 3626 ἐστάθησαν.
