2318 3892
101 171 163 235 328
489 168 673 228 ΒΙΒΛΙΟΝ

68 364 84 415 5
177 340 364 466 Ἀρτεμισία
392 339 617 428 βασιλεύουσα
644 344 774 464 Καρίας
800 338 908 466 Ξέρξη
934 344 1071 425 βασιλεῖ

103 444 312 533 συνεμάχησε
325 441 409 513 κατὰ
421 447 490 513 τῶν
498 440 676 532 Ἑλλήνων,
691 439 776 512 ῶστε
788 439 895 512 καὶ
858 469 900 511 τα
913 436 1069 529 ἀριστεῖα

102 553 160 637 τῆς
179 550 217 617 ἐν
236 556 407 672 Σαλαμῖνι
433 553 619 634 ναυμαχίας
645 543 748 634 ταότη
773 541 931 633 βασιλεὺς
952 550 1069 614 ἔδωκε.

104 654 172 720 Καὶ
192 654 230 720 ἐν
251 647 342 741 αὕτη)
330 647 402 718 δέ
424 653 472 742 τῷ
490 653 598 740 καιρῷ
619 652 681 717 τοό
694 663 882 736 ναυμαχειν
895 643 1070 735 βασιλευς,

104 751 193 844 ὁρῶν
206 750 267 841 τήν
275 752 338 839 μέν
346 758 510 839 γενναίως
519 747 768 840 ἀγωνιζομένην
773 803 783 836 ,
797 748 875 830 τούς
889 748 927 819 δέ
941 747 1094 840 ἅνδραςε

104 854 269 944 ἀγεννῶς,
286 851 488 942 ἀνεβόησεν,
506 845 571 920 ’Ὤ
584 858 669 940 Ζεῦ,
683 851 761 934 τοὺς
775 852 838 941 μὲν
857 850 990 943 ἄνδρας
1008 879 1068 941 γν-

105 973 222 1038 ναίκας
236 963 435 1045 πεποίηκας,
449 954 508 1035 τὰς
524 955 561 1024 δὲ
573 971 735 1044 γυναῖκας
749 950 910 1045 ἅνδρας.”

491 1133 532 1190 54.
553 1137 680 1189 MANIA.

182 1268 302 1331 Μανία
324 1256 413 1350 γυνή
434 1259 578 1349 Ζήνιδος
599 1257 758 1349 ἄρχοντος
776 1264 845 1330 τῶν
870 1261 950 1350 περὶ
972 1259 1068 1347 Δόρ-

106 1368 211 1433 δανον
226 1361 375 1450 πόλεων,
395 1361 485 1455 νόσῳ
498 1364 757 1452 τελευτήσαντος
770 1367 832 1431 τοῦ
844 1358 972 1453 ἀνδρός
985 1360 1070 1452 αότή
1084 1391 1103 1433 ιι

106 1466 244 1554 κατέσχε
258 1463 320 1554 τήν
333 1463 451 1555 όιρχήν,
465 1466 673 1559 Φαρναβάζῳ
686 1466 876 1555 χρησαμένη
890 1464 1067 1560 συμμάχῳ.

106 1567 201 1658 Αότή
217 1568 322 1637 δὲκαὶ
336 1569 391 1638 ἐπὶ
404 1566 462 1648 τός
476 1567 580 1656 μόχας
600 1571 654 1638 ἐπὶ
668 1563 861 1656 ἁρμαμάξης
875 1568 1069 1657 ἐπορεύετο,

106 1673 163 1740 καὶ
184 1669 225 1740 τόι
245 1673 504 1796 παραγγέλματα
526 1673 642 1740 ἐδίδου
669 1669 738 1750 τοῖς
764 1670 988 1795 μαχομένοις,
1014 1671 1071 1739 καὶ

108 1775 256 1843 διέταττε
275 1801 334 1852 τας
353 1770 461 1854 τάξεις
481 1771 593 1842 καὶ
557 1802 598 1841 τα
617 1778 675 1862 τής
691 1779 787 1860 νίκης
800 1764 891 1842 ἆθλα
904 1799 992 1843 κατα
1004 1770 1068 1861 τήν

105 1873 202 1957 ιἰξίαν
217 1877 348 1963 διένεμε
363 1890 432 1955 τοῖς
450 1872 676 1962 στρατιῶταις.
702 1873 915 1963 Πολέμιος
878 1901 942 1964 μεν
955 1872 1071 1955 οὐδεὶς
1086 1902 1105 1945 ιι

107 1976 288 2068 ἐκράτησεν
314 1974 434 2066 αὐτῆς·
463 2004 481 2044 ο
469 1972 591 2045 ’δὲ
555 2004 617 2066 την
638 1979 811 2066 θυγατέρα
836 1974 948 2068 (πρὸς)
968 1974 1073 2104 αότής

107 2077 189 2169 πρός
203 2077 311 2168 γάμον
324 2077 440 2167 λαβῶν
454 2085 618 2164 Μειδίας,
639 2077 754 2160 πιστὸς
776 2078 865 2150 ελναι
887 2076 993 2150 δια
956 2108 997 2152 το
1011 2110 1072 2171 κη·

108 2187 164 2262 δος
179 2185 307 2267 δοκῶν,
320 2177 537 2252 όπεισελθῶν
549 2177 656 2272 αότήν
671 2181 879 2273 διεχρήσατο.

450 2361 491 2415 55.
508 2361 704 2416 ΤΙΡΓΑΤΑΩ.

190 2484 363 2575 Τιργαταῶ
390 2491 544 2568 Μαιῶτις
570 2485 714 2578 ἐγήματο
727 2482 1069 2583 ζἘκαταίῳῗῑβασιλει
1083 2529 1107 2570 2⁰

107 2595 243 2659 Σιντῶν
251 2640 261 2676 ,
275 2595 309 2658 οἳ
320 2590 478 2677 νέμονται
491 2589 614 2680 μικρόν
626 2588 698 2661 όνω
712 2592 899 2679 Βοσπόρου.
941 2597 1074 2663 Τοῦτον

106 2689 167 2760 τόν
186 2687 358 2760 Ἑκαταῖον
378 2693 561 2762 ἐκπεσόντα
581 2698 639 2782 τής
657 2689 759 2782 ιἰρχής
772 2692 941 2781 κατήγαγε
953 2693 1072 2765 Edw-

106 2820 164 2883 ρος
179 2788 196 2863 ό
209 2793 385 2880 Βοσπόρου
404 2793 586 2882 τύραννος,
606 2796 663 2864 καλ
682 2793 745 2885 τήν
759 2797 882 2866 ἑαυτοῦ
894 2799 1073 2889 θυγατέρα

107 2893 191 2986 πρὸς
213 2895 322 2983 γόμον
344 2897 524 2982 ἐξέδωκεν,
551 2893 693 2978 ἀξιώσας
711 2895 774 2987 τήν
793 2900 962 2989 προτέραν
983 2896 1072 2972 ἄπο-

107 3013 246 3070 κτεῖναι.
272 2993 307 3066 ‘0
324 2997 380 3084 δὲ,
406 2995 468 3087 τήν
486 3003 644 3068 Μαιῶτιν
658 3001 829 3090 στέργων,
849 2997 988 3072 ίινελελν
1007 3002 1073 3092 μέν
1086 3041 1108 3081 2⁵

107 3098 168 3188 οὐχ
192 3097 394 3190 ὑπέμεινεν,
421 3101 456 3181 ἐς
479 3097 604 3190 ὀχυρὸν
627 3102 664 3171 δὲ
692 3102 859 3192 φρούριον
884 3108 1070 3193 καθείρξας

106 3206 263 3274 ἐκέλευσε
277 3201 409 3291 διοίγειν
422 3205 702 3294 φρουρουμένην·
724 3202 745 3295 ή
760 3204 797 3274 δὲ
816 3203 993 3296 Τιργαταῶ
1007 3216 1069 3279 λα·

107 3310 217 3375 δοῦσα
230 3303 307 3386 τούς
321 3305 474 3393 φύλακας
489 3307 616 3396 διέδρα.
656 3311 731 3377 Τῶν
746 3306 783 3377 δέ
804 3309 882 3399 περὶ
895 3305 957 3381 τόν
972 3304 1069 3381 Ἐκα-

105 3461 333 3474 m

175 3534 242 3600 Cap.
257 3535 300 3586 54.
335 3537 378 3587 Ex
396 3535 519 3603 Xenoph.
538 3534 645 3590 Hellen.
665 3535 696 3602 3,
716 3536 744 3594 1,
765 3530 798 3589 10
813 3519 872 3604 sqq}
