2318 3892
1133 36 1145 235 λ,

148 198 209 260 σοι
386 267 390 273 ,
542 198 726 257 ιιιιιΛιοα
801 192 816 215 ·

150 369 436 456 ἀναβαλλομένου,
454 370 570 436 πολλοὶ
581 366 704 447 πολλός
717 365 894 447 έπιστολάς
907 380 979 447 τοῖς
991 365 1103 455 ἐρέταις

104 550 108 561 ,
131 461 136 467 ’
151 478 291 541 ἔδωκαν.
322 474 367 539 OC
377 471 440 558 μὲν
457 468 497 560 δή
512 468 709 558 ἀνήχθησαν
722 470 779 539 καλ
792 468 902 558 βραχύ
915 474 976 558 τῆς
989 470 1103 548 πόλεως
1147 484 1149 515 ²

151 573 310 663 ἀπωτέρω
330 580 623 662 προσωρμίσαντο·
645 569 663 642 ὁ
681 571 718 643 δέ
741 569 925 661 παρελθῶν
941 576 1023 659 πεζῇ
1035 569 1103 660 πρὸς
1145 580 1149 616 ³

150 673 212 765 τήν
224 677 342 766 τριήρη
356 679 535 763 προσέταξε
550 690 619 755 τοῖς
633 675 759 763 ἐρέταις
774 675 882 754 πάσας
894 680 1102 763 προσκομίσαι
1144 681 1149 767 f

40 775 45 781 ¹
149 776 206 858 τάς
233 777 422 864 ἐπιστολάς,
454 781 491 848 έν
518 773 572 858 αἷς
592 776 671 856 τούς
692 774 766 845 κατ’
793 774 899 847 αὐτοῦ
923 774 1119 864 γρόφονταςι
1136 770 1149 822 ³³

152 878 275 968 εὑρῶν,
304 877 428 974 οὐδένα
446 879 576 950 τούτων
596 876 671 968 οὐχὶ
698 882 900 969 παραχρῆμα
931 884 1103 966 βασανίσας
1141 886 1149 924 ²

150 981 357 1053 ἀπέκτεινεν.
1141 988 1149 1044 ί

1142 1090 1149 1128 ι

508 1143 545 1198 21.
566 1146 752 1199 ΔΑΤΑΜΗΣ.
1142 1193 1149 1229 Ἰ

118 1292 131 1342 l
228 1269 388 1359 Δατάμης
411 1265 477 1337 ὑπὸ
491 1273 560 1337 τῶν
573 1273 785 1359 στρατιωτῶν
800 1266 1047 1358 ἀπαιτούμενος
1057 1296 1101 1357 μι-

151 1369 240 1441 σθὸν
252 1375 369 1460 μηνῶν
383 1370 567 1458 πλειόνων,
591 1374 625 1452 ές
638 1376 818 1460 ἐκκλησίαν
830 1370 1038 1461 συναγαγῶν
1050 1367 1101 1441 αό-

149 1472 228 1554 τούς
242 1481 323 1562 ἔφη,
345 1473 451 1542 πολλὰ
464 1471 614 1563 χρήματα
628 1481 716 1562 ἔχειν
731 1472 890 1568 ἐγχωρίῳ
908 1479 1016 1565 τριῶν
1033 1471 1102 1563 ήμε-

150 1581 220 1663 ρῶν
239 1572 321 1645 ὁδὸν
334 1573 508 1663 ἀπέχοντι·
534 1571 624 1644 “Καλ
644 1575 685 1665 δή
703 1574 764 1665 τήν
777 1583 937 1665 ταχίστην
956 1582 1006 1656 εἰς
1018 1582 1105 1646 τοῦτο

150 1676 398 1768 ἒπειγῶμεθα.”
424 1674 642 1748 Ἐπίστευσαν
650 1683 683 1748 ολ
693 1684 891 1765 στρατιῶται
900 1680 959 1747 καλ
971 1676 1103 1767 ήκολοό-

149 1793 272 1869 θησαν.
309 1778 507 1868 Ἀπέχοῶιας
530 1780 567 1849 δὲ
587 1777 712 1871 ἡμέρας
734 1778 833 1868 ὁδόν,
855 1776 1015 1851 ἐκέλευσε
1032 1777 1106 1850 κατά

149 1883 261 1971 χῶραν
290 1883 406 1970 μένειν
432 1880 718 1970 ἀναπαυομένους.
749 1880 946 1972 Ἀναλαβῶν
968 1882 1013 1973 δὴ
1036 1880 1123 1962 τοῶςι

149 1984 227 2074 περὶ
251 1981 355 2052 αὐτόν
373 1983 429 2051 καλ
444 1985 612 2074 καμήλους
625 1987 680 2054 καλ
693 1980 869 2073 ἡμιόνους,
885 1982 1001 2055 ἔλθῶν
1014 1982 1047 2066 ἒς
1063 1990 1103 2055 ίε·

152 2084 213 2174 ρὸν
232 2082 382 2179 ἐγχωρίῳ
400 2087 533 2179 πλοότρι
550 2088 800 2176 κεκοσμημένον
813 2093 935 2174 ἔλαβεν
947 2085 1105 2179 ἀργυρίου
1148 2144 1149 2148 ,

149 2188 295 2257 τάλαντα
309 2187 498 2278 τριάκοντα.
522 2195 635 2258 Ταῦτα
651 2187 705 2258 ἐπὶ
718 2195 787 2258 τῶν
800 2189 962 2278 καμήλων
975 2194 1105 2261 καὶτῶν
1142 2214 1149 2255 ι

29 2347 35 2361 .
148 2285 298 2379 ήμιόνων
315 2289 442 2378 ήγαγεν
458 2296 490 2372 ἐς
504 2290 541 2361 τὸ
552 2292 789 2380 στρατόπεδον,
803 2289 902 2379 ὀλίγα
915 2292 980 2380 μὲν
997 2290 1106 2382 ἀγγεῖα
1141 2317 1149 2358 ι

149 2392 343 2481 πληρῶσας,
365 2392 471 2462 πολλοὶ
491 2394 528 2462 δὲ
550 2394 801 2474 κατασκευάσας
821 2389 943 2483 ὁμοίως
961 2412 1034 2477 τοϊς
1051 2420 1102 2464 πε·
1138 2415 1149 2460 ι

148 2496 387 2582 πληρωμένοις.
436 2494 525 2565 Ἐπεὶ
559 2497 599 2565 δέ
626 2524 702 2566 τινα
735 2501 804 2564 τῶν
835 2498 1104 2587 ’πεπληρωμένων
1138 2491 1149 2562 ι·

148 2600 253 2679 ἔδειξε
274 2612 344 2677 τοῖς
364 2598 597 2687 στρατιώταις,
618 2602 652 2667 ολ
672 2598 734 2687 μὲν
757 2595 931 2678 εὐέλπιδες
946 2602 1102 2687 ἐγένοντο,
1138 2597 1149 2663 τέ

149 2694 193 2778 ῶς
201 2697 350 2787 χρήματα
364 2705 501 2786 ἔχοντες.
518 2698 552 2768 ‘0
568 2700 604 2769 δὲ
617 2706 681 2789 ἔφη
697 2706 771 2770 δεῖν
785 2706 832 2780 είς
843 2698 979 2789 Ἀμισδν
991 2696 1102 2790 ἀφικο-
1139 2694 1149 2766 λ

148 2801 269 2888 μένους
294 2798 395 2879 κόψαι
421 2803 582 2891 νόμισμα·
610 2794 655 2890 ήν
674 2803 719 2877 ,δὲ
745 2800 810 2891 ἀρα
826 2800 958 2891 Ἀμισός
977 2799 1103 2894 ἡμερῶν
1141 2803 1149 2866 λ

148 2905 281 2972 πολλῶν
301 2897 383 2969 ὁδὸν
406 2899 575 2992 ἀπέχουσα
595 2906 652 2973 καλ
670 2904 762 2994 χῶρα
781 2910 1008 2995 δυσχείμερος.
1046 2902 1148 2975 Τδνιὶ

148 3003 189 3091 δή
204 3007 350 3092 χειμῶνα
372 3001 452 3074 ὅλον
466 3010 500 3075 ολ
517 3012 717 3095 στρατιῶται
739 3003 913 3097 ἡσύχασαν
933 3005 998 3077 οὐκ
1010 3005 1103 3078 ἀπαι-
1144 3035 1149 3072 ι

147 3133 295 3186 τουντες.

111 3227 129 3279 2
224 3206 383 3296 Δατάμης
393 3203 623 3294 ἐπιβουλεύων
631 3214 827 3279 Σινωπεῦσι
837 3209 1001 3281 ναυτικὸν
1014 3216 1106 3299 έχον-

145 3330 202 3377 σιν
210 3361 220 3395 ,
234 3306 527 3397 αότόςνανπηγῶν
540 3311 596 3378 καλ
609 3310 777 3380 τεκτόνων
791 3308 1033 3401 ἀπορούμενος,
1051 3340 1104 3401 φι-

145 3418 222 3478 λίαν
245 3413 454 3497 συνθέμενος
476 3411 558 3499 πρδς
579 3408 700 3492 αὐτοὺς
729 3410 949 3500 ἐπηγγείλατο
975 3414 1135 3505 Σηστδνα

213 3555 280 3620 cap.
299 3556 343 3610 21.
363 3558 388 3619 ξ.
411 3558 434 3609 1.
470 3556 515 3610 ef.
532 3556 646 3609 Aristot.
666 3554 813 3611 Οοοοιιοιο.
830 3560 864 3626 2,
883 3562 928 3613 25.
