2318 3892
455 178 641 240 -ΟΓΔΟΟΝ
970 180 1030 242 317

70 347 177 440 άρετῇ
192 355 299 439 ψυχῆς
314 347 550 438 εύκλεεστάτη,
566 351 705 439 Κάμμα·
722 354 777 421 καὶ
790 350 854 443 γάρ
866 344 909 442 ήν
919 350 1029 443 'Apte'-

71 459 171 542 μιόος
194 456 316 543 ἱέρεια,
338 449 381 542 ἣν
399 452 541 541 μάλιστα
563 456 707 524 Γαλάται
730 457 883 542 σέβουσι·
910 458 967 525 καὶ
988 448 1031 544 ἦν

72 564 113 626 ἒν
129 583 168 626 τε
182 571 328 645 πομπαῖς
341 557 398 626 καὶ
415 565 552 639 θυσίαις
566 556 618 627 ἀεὶ
631 563 890 648 μεγαλοπρεπῶς
903 561 960 627 καὶ
975 583 1029 627 σε·

71 665 167 748 μνῶς
179 663 420 749 κεκοσμημένη.
450 661 578 749 Ταύτης
591 664 651 752 ε’ρᾷ
664 662 817 750 Σινόριξ·
839 664 894 730 καὶ
908 668 1029 745 ζῶντος

71 768 136 835 τοῦ
149 759 272 852 ἀνδρὸς
284 760 362 832 ούτε
377 771 506 841 πείσειν
519 769 659 847 ἐλπίζων
673 761 750 834 ούτε
771 765 959 853 βιάσεσθαι,
971 764 1031 833 τόν

71 865 223 939 Σινάτον
244 866 505 955 ἐδολοφόνησεν·
530 865 592 937 ούκ
616 873 663 947 είς
682 865 814 956 μακράν
835 868 872 936 δὲ
886 867 1031 955 Κάμμαν

70 972 205 1057 ἐμνᾶτο.
237 964 281 1037 Ἡ
299 969 336 1039 δὲ
349 971 403 1038 ἐπὶ
424 979 580 1039 πλεῖστον
599 970 661 1057 μὲν
678 968 873 1057 ἀντέλεγεν·
896 976 1031 1041 οἰκείων

71 1072 111 1143 δὲ
123 1074 181 1142 καὶ
196 1079 307 1161 φίλων
317 1074 520 1160 ἐγκειμένων
533 1074 588 1140 καὶ
602 1079 749 1163 λιπαρῶς
757 1073 1030 1160 θεραπευόντων,

71 1170 276 1263 ὑπεκρίνατο
303 1183 624 1262 σνγκατατίθεσθαι.
668 1179 737 1245 Καὶ
769 1175 810 1266 δή
834 1180 1028 1247 συνέθεντο·

68 1273 219 1349 ’Ἥκέτω
233 1277 372 1364 Σινόριξ
384 1284 431 1359 είς
445 1277 482 1348 τό
497 1277 588 1368 ἱερόν
597 1283 655 1368 τής
663 1276 868 1369 Ἀρτέμιδος,
876 1282 932 1349 καί
942 1277 1031 1369 παρά

67 1385 108 1469 τῇ
121 1386 195 1475 θεῷ
208 1380 382 1468 συνθήκας
396 1387 456 1451 τού
465 1383 573 1468 γάμου
588 1381 839 1470 ποιησάμεθα.”
862 1375 942 1452 Ἦκε
963 1391 1026 1450 Σι-

70 1483 181 1574 νόριξ,
202 1485 259 1552 καὶ
281 1482 346 1553 σύν
367 1481 457 1579 αύτῷ
477 1484 599 1565 πάντες
613 1481 685 1554 ὅσοι
698 1492 860 1555 Γαλατῶν
874 1490 1028 1571 ἐντελεῖς,

70 1583 192 1678 άνδρες
205 1588 261 1656 καὶ
276 1603 443 1674 γυναῖκες.
468 1583 511 1655 Ἡ
523 1587 570 1673 δέ,
586 1588 800 1676 φιλοφρόνως
814 1587 918 1658 αὐτόν
932 1593 1026 1671 δεξα-

69 1691 173 1780 μένη,
199 1690 362 1777 προσάγει
386 1696 432 1785 τῷ
455 1695 573 1782 βωμῷ·
602 1692 659 1758 καὶ
675 1688 743 1759 άπὸ
764 1697 888 1778 χρυσῆς
908 1691 1029 1779 φιάλης

69 1799 202 1864 ἔσπεισε
231 1795 287 1863 καὶ
301 1791 339 1863 τό
362 1793 424 1882 μέν
439 1795 568 1874 ἐξέπιεν
582 1789 683 1881 αὐτή,
703 1792 740 1863 τό
756 1794 793 1862 δέ
807 1795 937 1864 ἐκεῖνον
957 1796 1027 1862 έκέ-

67 1906 192 1968 λενσεν
217 1911 317 1966 πιεῖν.
337 1892 372 1964 Ὁ
394 1897 446 1982 δὲ,
465 1890 520 1965 οἷα
542 1893 583 1985 δή
604 1904 767 1984 νυμφίος,
788 1895 876 1986 παρά
894 1896 1029 1985 νύμφης

66 1997 185 2090 λαβὼν
203 1994 309 2088 ἡδέως
331 2006 441 2068 πίνει·
462 1996 499 2066 τό
520 1999 556 2068 δέ
570 1997 674 2068 ποτόν
695 1998 760 2089 άρα
772 1991 816 2089 ήν
828 2007 1029 2090 μελίκρατον

65 2104 364 2192 πεφαρμαγμένον.
388 2098 432 2175 Ἡ
441 2101 479 2172 δὲ
497 2099 674 2172 πεπωκότα
689 2099 734 2184 ὡς
750 2102 858 2191 εἶδεν,
877 2100 1030 2194 λαμπρόν

64 2203 259 2288 ἀνωλόλυξε
285 2208 341 2274 καὶ
371 2204 432 2294 τήν
459 2204 544 2274 θεὸν
571 2208 841 2295 προσεκύνησεν,
878 2212 1029 2291 είπούσα,

62 2306 196 2398 “Χάριν
209 2307 286 2378 οἶδά
299 2329 363 2394 σοι,
385 2300 410 2377 ὦ
425 2315 627 2395 πολυτίμητε
638 2306 791 2398 Ἄρτεμι,
806 2306 857 2377 ότι
871 2338 926 2398 μοι
942 2335 1027 2394 παρ-

63 2417 161 2500 έσχες
183 2416 279 2504 ἐντῷ
304 2417 353 2504 σῷ
376 2417 455 2505 ίερῷ
476 2417 571 2490 δίκας
592 2407 678 2498 ὑπὲρ
691 2418 752 2481 τού
771 2409 893 2498 άνδρός
912 2420 1029 2500 λαβεῖν

62 2514 192 2595 άδίκως
206 2512 251 2585 δι’
268 2515 323 2604 ἐμὲ
338 2511 608 2601 άναιρεθέντος.”
642 2520 752 2582 Ταῦτα
767 2521 907 2583 εἰποῦσα
920 2541 1027 2603 παρα-

62 2624 177 2708 χρῆμα
190 2614 274 2707 αύτή
294 2645 331 2687 τε
351 2614 562 2704 ἀπέθνησκε,
576 2617 633 2684 καὶ
649 2612 665 2683 ὁ
680 2625 825 2706 νυμφίος
845 2616 931 2708 αὐτῇ
945 2639 1027 2687 συν-

62 2722 260 2809 απέθνησκε
278 2718 368 2810 παρά
379 2724 426 2814 τῷ
440 2725 542 2812 βωμῷ
555 2725 612 2808 της
626 2725 721 2789 θεοῦ.

406 2901 449 2956 40.
469 2903 688 2956 ΤΙΜΟΚΛΕΙΑ.

150 3028 327 3118 Τιμόκλεια
343 3036 475 3116 Θηβαία
491 3029 679 3115 Θεαγένους
689 3026 832 3116 άὸελφή,
848 3031 907 3095 τοῦ
921 3051 1027 3110 παρα-

63 3134 251 3222 ταξαμένου
277 3140 435 3223 Φιλίππῳ
456 3133 533 3219 περὶ
554 3130 782 3219 Χαιρώνειαν,
804 3124 840 3210 ὃς
865 3132 921 3198 καὶ
947 3128 1029 3216 πρός

64 3235 126 3305 τόν
141 3234 368 3324 ἐμβοήσαντα,
384 3229 517 3320 “Μέγρι
539 3239 604 3304 πού
620 3230 791 3313 διάκεις;”
815 3231 1027 3321 ἀπεκρίνατο,

60 3337 198 3428 “Μέχρι
218 3343 278 3427 τής
295 3334 548 3416 Μακεδονίας.”
575 3337 690 3432 Τούτφ
710 3336 948 3426 τελευτήσαντι
968 3363 1027 3405 πε-

64 3482 296 3509 ..A...-.-.....

133 3574 200 3639 Cap.
220 3573 263 3624 40.
301 3573 344 3623 Ex
361 3571 435 3625 Plut.
455 3571 529 3626 ibid.
551 3574 593 3622 24.
