2318 3892
421 165 647 228 υκυκνυοιι.
865 175 869 180 ·
913 156 914 160 '
964 170 1021 232 ιον

61 360 135 414 νοις
149 332 309 416 ἀλαλάξαι
329 337 503 424 μέγιστον,
526 341 666 407 ἕκαστον
684 338 719 407 δὲ
735 336 800 408 ἀνά
816 339 879 429 την
891 349 1024 412 κλισίαν

58 443 132 526 πῦρ
148 435 307 527 ἐμβαλεῖν
319 454 388 518 τοῖς
401 445 545 529 παροῦσι
561 442 755 529 φρυγάνοις.
781 439 888 533 Ὁρῶν
903 444 1021 534 Δημη-

55 568 155 629 τριος
170 541 465 631 περιλαμπομένην
484 546 567 629 πυρὶ
582 543 643 632 την
656 543 830 634 στρατιάν,
851 562 923 627 ταῖς
941 550 1019 617 σάλ·

55 647 155 730 πιχξι
192 647 476 734 περιηχουμένην,
511 643 704 734 ἀλαλαγμὸν
731 651 944 737 ἐγείρουσαν,
979 647 1023 732 ῶς

55 746 441 838 ἀντιπαρεσκευασμένη
456 746 519 817 οὐκ
535 751 725 838 ἐθάρρησεν
740 754 931 821 ἐπιθέσθαι.

139 886 324 969 Σέλευκος,
348 890 417 954 τῶν
437 893 634 973 Δημητρίου
655 894 866 976 στρατιωτῶν
884 885 1023 976 ἀθύμως
1040 896 1057 949 3

55 989 304 1075 διακειμένων,
319 986 397 1067 τούς
411 986 706 1075 ἀνδρωδεστάτους
720 995 788 1059 τῶν
802 988 1023 1060 ὑπασπιστῶν

59 1090 299 1177 ἐπιλεξάμενος
313 1094 369 1160 καὶ
384 1090 547 1179 προτάξας
562 1093 743 1180 ἐλέφαντας
758 1090 861 1180 όκτῶ,
878 1093 933 1162 διά
947 1115 1021 1163 στε-

59 1197 123 1280 νῆς
143 1189 295 1279 ἀτραποῦ
315 1192 404 1282 παρά
424 1192 573 1290 πλευρόν
594 1201 663 1264 τῶν
678 1204 848 1284 πολεμίων
865 1203 1023 1284 βαδίζων,

63 1293 253 1383 ἀπορρίψας
266 1295 303 1363 τό
317 1298 437 1382 κράνος
455 1293 595 1383 ἀνεβόα,
612 1294 745 1385 “Μέχρι
766 1305 833 1367 πού
848 1306 1023 1386 μαίνεσθε,

61 1398 238 1491 ληστάρχφ
249 1401 448 1486 λιμῶσσοντι
458 1400 715 1486 παραμένοντες,
725 1402 908 1489 δυνάμενοι
919 1412 1022 1470 πλου-

60 1505 177 1569 τοῦντι
199 1508 333 1588 βασιλεῖ
355 1513 581 1591 μισθοφορεῖν
601 1505 657 1570 καί
680 1510 851 1591 βασιλείας
873 1508 1024 1591 μετέχειν

62 1600 127 1672 ούκ
154 1605 384 1693 ἐλπιζομένης,
413 1601 498 1674 ἀλλά
521 1602 734 1692 παρούσης;”
751 1605 903 1674 ’Τούτων
921 1606 1023 1676 ἀκού-

61 1727 180 1787 σαντες
194 1711 386 1778 οἱπλεῖστοι
400 1707 440 1776 τά
454 1706 578 1794 δόρατα
592 1709 647 1775 καὶ
668 1710 748 1797 ξίφη
770 1711 927 1796 ῥίψαντες
947 1705 1023 1778 ἀνέ-

66 1824 182 1879 σεισαν
197 1807 259 1889 τάς
268 1829 399 1904 χεῖρας,
415 1811 692 1903 προστεθειμένοι
706 1809 876 1904 Σελεύκφ.

142 1946 308 2021 Σέλευκος
322 1939 383 2030 τὴν
391 1940 556 2030 Σάρδεων
569 1943 677 2036 άκραυ
687 1946 887 2037 ἐπολιόρκει,
897 1944 975 2027 τούς
990 1950 1027 2017 έν
1043 1968 1060 2020 4

64 2047 149 2138 αὐτῇ
182 2043 377 2138 θησαυρούς
404 2049 571 2118 Θεοδότου
607 2050 847 2138 φυλάσσοντος.
900 2055 1027 2120 Τούτου

64 2151 359 2240 θησαυροφυλακα
367 2157 556 2239 Λυσίμαχος
571 2155 673 2235 ἔταξε.
691 2152 752 2241 Μη
768 2151 1000 2242 δυνάμενος
966 2182 1027 2277 την

62 2253 173 2341 άκραυ
186 2251 310 2377 ἐχυράν
328 2243 434 2322 οὖσαν
458 2257 564 2339 έλειν,
584 2245 724 2344 ἐκήρυξε
744 2255 926 2324 τάλαντα“
910 2254 1028 2326 εκατόν

65 2358 191 2428 δῶσειν
218 2363 265 2426 τῶ
292 2361 461 2426 κτείναντι
492 2357 668 2427 Θεόδοτον.
704 2349 767 2427 Ην
793 2349 857 2427 οὖν
883 2360 1028 2426 καὶτῶν

61 2466 279 2592 στρατιωτῶν
293 2457 427 2537 πολλοῖς
437 2463 667 2584 έπιθημία
621 2488 689 2529 των
707 2458 826 2529 ἑκατόν
841 2458 1027 2542 ταλάντων,

60 2564 120 2632 καὶ
142 2590 190 2657 τφ
177 2560 364 2652 Θεοδότῳ
384 2561 466 2648 πρὸς
485 2561 563 2639 τούς
589 2563 791 2651 στρατιῶτας
815 2556 944 2645 ὑποψία
972 2563 1029 2631 καὶ

61 2666 181 2754 φόβος.
205 2654 488 2754 Ὁμενοόνούδὲ
501 2664 635 2754 προῄει
652 2665 838 2748 [οιἽπολλοὶ
854 2661 922 2734 δε
904 2693 1028 2752 ηχανα

60 2798 169 2838 κτουν
181 2765 427 2854 ἀπιστούμενοι.
446 2767 607 2857 Τοιαύτης
620 2773 763 2857 ταραχῆς
773 2764 884 2856 οὔσης,
896 2767 1031 2851 φθάσας

62 2872 230 2951 Θεόδοτος
265 2876 391 2940 πυλίδα
412 2870 546 2959 νύκτωρ
573 2866 769 2958 ἀνοίξας,ε
755 2868 942 2958 είσαγαχῶν
962 2871 1028 2938 Σέ-

61 2987 192 3046 λευκον
206 2976 369 3055 ἐξέδωκεν
384 2970 476 3068 αύτῷ
491 2972 569 3052 τούς
582 2973 789 3062 θησαυρούς.

144 3114 331 3192 Σέλευκος,
374 3116 571 3196 Δημητρίου
607 3104 930 3194 στρατοπεδεύοντος
965 3099 1065 3181 ύπὸ5

61 3230 135 3296 τοῖς
155 3213 272 3298 λόφοις
289 3210 440 3298 Ταύρου,
465 3207 624 3289 δεδοικῶς
641 3238 686 3332 μη
676 3207 850 3277 λαθῶν’
833 3234 888 3276 επι
877 3210 1032 3293 Συρίας

62 3313 278 3441 άναχωρχση,
294 3321 421 3400 ἔπεμψε
431 3319 563 3382 Λυσίαν
573 3340 656 3400 μετα
645 3310 804 3379 πολλῶν
818 3309 1032 3382 Μακεδόνων

64 3417 179 3490 ἐπὶ
143 3447 184 3487 τοι
198 3415 259 3505 όρη
276 3416 317 3485 τά
333 3413 560 3503 ὑπερκείμενα
574 3419 643 3484 τῶν
657 3411 847 3499 Ἀμανίδων
861 3415 998 3496 πυλων,
1012 3438 1033 3499 η

63 3522 131 3613 τὴν
145 3527 286 3608 πορείαν
297 3525 416 3606 ἔμελλε
431 3528 620 3604 ποιεῖσθαι,
643 3515 829 3605 προστάξας
843 3512 934 3604 πυρά
949 3519 1033 3584 καύ-

118 3651 249 3687 Pomm
267 3649 362 3687 svm.
789 3631 825 3689 11
