2318 3892
11 213 15 220 '
80 200 137 264 198
466 199 651 261 ΒΙΒΛΙΟΝ

76 377 264 462 πορθμίδος
295 370 413 460 ἐπιβάς
453 377 598 460 κατῆγεν
636 377 683 452 είς
712 369 843 456 Ῥόδον,
884 370 957 459 φάσ,

70 473 214 565 “Ἱκέτης
231 468 341 564 ήλθον
360 473 687 563 προπηλακιζόμενος
713 471 760 544 δι’
789 470 903 563 ὑμᾶς,
922 477 957 542 ἐτι

79 587 249 649 Φίλιππον
263 578 414 648 ἐκώλυον
428 587 587 667 πολεμεῖν
600 574 698 666 ῦμῑν·
715 582 773 649 ἵνα
786 577 825 663 δὲ
838 577 957 647 πιστεῦ

77 697 145 763 τοῖς
159 682 367 770 λεγομένοις,
380 682 436 748 καὶ
451 679 492 768 δή
508 679 682 762 ἐπιστολάς
697 687 870 750 Φιλίππου
894 685 957 750 δειι

77 787 308 873 γεγραμμένας
328 781 415 873 πρὸς
436 789 585 874 Κρήτας,
613 787 649 852 ἐν
670 779 722 864 αἷς
741 790 940 852 συντίθεται

73 884 209 983 Ῥοδίων
221 885 281 956 τὸν
295 885 441 974 πόλεμον
456 884 631 969 ἐξοίσειν.”
640 882 758 956 Ῥόδιοι
767 901 839 967 ταῖς
854 879 957 955 ἐπιστι

79 990 315 1069 πιστεύσαντες
324 985 548 1078 Ἡρακλείδην
568 985 805 1077 ὑποδέχονται,
826 984 872 1070 ώς
895 995 957 1058 δνν

79 1121 182 1181 μενον
202 1091 314 1172 αῦτοίς
334 1088 505 1181 ώφίλιμον
525 1091 609 1162 κατά
630 1088 802 1162 Φιλίππου
822 1095 957 1179 χενίσθι

79 1197 118 1265 δὲ
135 1196 269 1283 νύκτωρ
284 1200 417 1283 πνεῦμα
432 1199 596 1284 ἐπίφορον
610 1195 850 1284 παραφυλάξας
862 1195 903 1264 τά
919 1223 957 1264 νε

74 1295 209 1368 Ῥοδίων
222 1299 441 1386 κατέπρησεν.
474 1304 697 1386 Τρισκαίδεκα
706 1298 881 1369 νεώσοικοι
895 1305 957 1368 διει

79 1423 184 1489 ρησαν
198 1402 254 1469 καὶ
268 1397 342 1469 ὅσαι
356 1398 501 1490 τριήρεις
516 1405 553 1470 ἐν
567 1397 724 1483 αῦτοίς·ῦ
740 1402 777 1472 δὲ
791 1408 860 1490 πῦρ
875 1405 957 1490 ἐμβα

78 1508 276 1592 παραχρῆμα
290 1503 441 1591 σκάφους
456 1503 573 1592 ἐπιβάς
587 1500 736 1594 άνήχθη,
750 1507 807 1574 καί
822 1511 957 1593 διαβαλι

79 1612 298 1688 Μακεδονίαν
312 1598 355 1696 ἦν
371 1606 634 1702 παράκΦιλίππφ
648 1623 833 1696 κορυφαῖος
845 1613 915 1677 τών
932 1637 957 1696 φ

72 1706 300 1798 Ἡρακλείδης.

378 1887 417 1942 18.
437 1889 742 1948 ΑΓΑΘΟΣΤΡΑΤΟΣ.

147 2011 264 2084 Ῥόδιοι
299 2021 433 2101 βασιλεῖ
466 2021 665 2109 Πτολεμαίῳ
701 2019 926 2102 πολεμοῦντες

64 2115 212 2205 Ἔφεσον
245 2108 346 2205 ήσαν·
377 2124 595 2205 Χρεμωνίδης
630 2125 837 2206 Πτολεμαίου
873 2119 957 2188 ναῦο

74 2217 206 2308 ἀνήχθη
225 2219 458 2308 ναυμαχήσων.
495 2216 759 2307 Ἀγαθόστρατος
778 2216 925 2302 Ῥοδίους
946 2227 957 2291 ε

75 2325 129 2390 ἐπὶ
140 2333 221 2410 μίαν
230 2328 327 2406 ναῦν,
342 2325 398 2390 καί
408 2322 554 2410 φανερὸς
567 2322 746 2411 γενόμενος
758 2340 827 2404 τοῖς
841 2327 957 2394 ίπιπλε

73 2429 273 2513 μετέστρεφε
293 2424 508 2513 μετωπηδὸν,
528 2429 585 2494 καί
605 2425 726 2515 χρόνον
748 2425 893 2514 ἐπισχών
906 2435 957 2515 βρι

73 2525 287 2617 ἀνεχώρησεν
308 2530 361 2597 ε’πλ
382 2527 441 2597 τὸν
456 2526 560 2598 αῦτόν
581 2527 696 2617 ὅρμον.
728 2533 773 2597 Ol
785 2539 956 2617 πολέμιοι,

72 2645 228 2716 μίσαντες
243 2628 292 2700 ὅτι
307 2629 351 2719 μή
365 2637 532 2719 θαρροῦσι
541 2627 804 2718 διαναυμαχεῖν,
820 2629 916 2701 αῦτολ
932 2660 955 2701 π

72 2738 226 2809 νίσαντες
247 2738 293 2810 είς
314 2736 432 2820 λιμένα
454 2733 661 2823 ἐπανῄεσαν·
680 2731 943 2822 Ἀχαθόστρατος

73 2836 232 2920 στρέψας,
252 2836 308 2902 καλ
326 2833 364 2903 τό
385 2833 547 2904 ναυτικὸν
567 2835 745 2914 πυκνώσας
766 2833 818 2904 ἐπ’
836 2834 957 2924 άμφοτι

72 2941 141 3004 τών
160 2935 327 3023 κεράτων,
355 2937 539 3006 ἐπέπλευσε
556 2952 625 3015 τοῖς
643 2944 813 3024 πολεμίοις
840 2941 957 3025 ἐκβαίν

73 3040 149 3126 περὶ
167 3036 204 3107 τό
230 3043 289 3127 τῆς
298 3033 500 3125 ,Ἀφροδίτης
520 3040 672 3126 τέμενος,
700 3039 758 3107 καί
776 3036 957 3129 άπροσδοκι

74 3139 275 3227 προσπεσών
288 3143 454 3228 ἐνίκησεν.

351 3301 354 3308 ’
450 3318 489 3376 1ο.
508 3321 646 3372 mox.

142 3445 252 3526 Λύκος
264 3445 457 3534 Λυσιμάχου
468 3443 659 3534 στρατηγὸς,
675 3445 825 3536 Αίνήτου
844 3469 957 3536 στρατι

68 3557 266 3640 Δημητρίου
287 3539 670 3638 φυλάσσοντοςἝφεσον
688 3551 744 3619 καὶ
759 3559 894 3634 πολλοῖς
913 3579 956 3625 πε
