2318 3892
365 215 370 219 ·
462 184 649 244 ΠΡΩΤΟΝ.
997 187 1036 247 29

73 354 241 439 πούντων,
251 349 436 442 “’ορἆτε”,
452 361 527 444 ἔφη,
539 352 599 425 “vd
612 363 731 426 πεδίον
746 354 835 428 ὅσον.
862 354 915 426 Ἐν
929 365 1036 451 πεδίφ

71 458 159 551 τόσφ
182 465 353 546 πολεμίων
372 462 496 539 ἵππους
516 459 677 547 ἐχόντων,
698 455 747 549 ῆν
761 461 824 548 μὲν
844 460 1035 550 φεύγωμεν,

70 559 201 649 ἆνόγκη
224 560 418 629 διωκόντων
438 563 568 631 ίππέων
589 557 733 633 ἁλῶναι·
755 559 798 653 ῆν
818 562 856 632 δὲ
870 565 1035 653 μένωμεν,

71 665 195 733 πολλαὶ
219 669 281 731 τοῦ
301 668 400 731 νικᾶν
426 661 590 744 ἐλπίδες.”
632 663 749 745 Οὕτως
774 664 839 754 όίρα
859 674 1035 737 πείθονται

73 769 209 853 μένειν·
233 767 290 832 καὶ
312 770 462 853 προῆλθε
478 774 701 858 Μυρωνίδης,
715 775 849 860 κρατῶν
863 766 939 856 όχρι
956 779 1032 839 Φω-

74 874 169 946 κίδος
182 869 238 934 καὶ
252 872 402 953 Λοκρῶν.

417 1045 460 1101 ³⁰.
482 1049 688 1101 ΠΕΡΙΚΛΗΣ.

151 1162 409 1261 Λακεδαιμόνιοι
436 1171 499 1262 τῆν
516 1170 668 1263 Ἀττικῆν
688 1173 821 1265 ἐδῆουυ.
868 1184 1035 1266 Περικλῆς
1056 1202 1066 1249 1

71 1277 234 1363 ἐξέπεμψε
254 1275 400 1365 τριήρεις
409 1272 621 1364 Ἀθηναίων,
644 1283 679 1345 οἳ
691 1277 861 1366 δηῶσουσι
873 1280 914 1347 τα
928 1283 1033 1369 παρό-

70 1389 128 1446 λια
148 1384 206 1465 τῆς
223 1384 437 1468 Λακωνικῆς,
465 1376 555 1460 ὅπως
581 1376 695 1460 αύτοίς
714 1388 822 1449 πλείω
840 1383 980 1470 πάσχειν
1013 1380 1034 1471 ῆ

70 1487 158 1568 δρῶν
171 1489 351 1570 συμβαίνῃ.

148 1589 316 1672 Περικλῆς
336 1587 493 1653 πλουτῶν
506 1582 619 1670 χῶραν
633 1580 760 1672 πολλῆν
774 1586 936 1674 ἐκέκτητο.
961 1584 1033 1674 ’Λρ-
1053 1616 1069 1664 *2

69 1692 225 1773 χίδαμος,
244 1695 342 1773 φίλος
353 1682 401 1756 ῶν
415 1683 508 1777 αὐτῷ
521 1685 623 1754 πάλαι
637 1687 693 1754 καί
707 1686 875 1774 πρόξενος,
892 1689 1034 1775 δηῶσων

70 1790 209 1876 ἐνέβαλε
230 1788 300 1881 ζτῆυ
327 1786 487 1877 Ἀττικήν.
527 1792 694 1875 Περικλῆς
726 1788 962 1877 προϊδόμενος,
992 1787 1035 1870 ῶς

71 1889 137 1976 ἄρα
152 1896 259 1980 τιμῶν
269 1889 464 1978 Ἀρχίδαμος
477 1879 539 1977 τῆν
552 1893 748 1979 προξενίαν,
767 1897 837 1961 τῶν
851 1889 956 1962 αύτοῦ
968 1921 1033 1981 χω·
1098 1952 1105 1973 ,

70 2002 156 2079 ρίων
170 1994 407 2083 οἷποσχῆσοιτο,
418 1999 475 2064 ἵνα
487 1989 531 2081 μῆ
540 1995 669 2080 γε’νοιτο
676 1991 865 2083 Ἀθηναίοις
876 1993 1033 2079 ὕποπτος,

71 2098 207 2184 φθάσας
220 2096 282 2186 τῆν
297 2097 441 2186 δῆωσιν,
456 2101 490 2176 ἐς
504 2098 683 2185 ἐκκλησίαν
699 2097 898 2186 παρελδῶν,
921 2103 1031 2187 ἐχαρί-

71 2222 153 2270 σατο
168 2207 208 2289 τῆ
222 2200 316 2270 πόλει
331 2199 393 2288 τῆν
407 2205 471 2290 γῆν
484 2196 568 2287 όσηυ
582 2203 747 2288 ἐκέκτητο.

326 2441 328 2446 ,
453 2341 495 2432 ετ.
515 2380 653 2432 ΚΛωαΝ.

139 2507 269 2589 ,Κλέων
276 2501 473 2590 Ἀβυδηνοῖς
488 2502 621 2591 Σηστόν
637 2507 834 2591 παρέδωκεν
850 2502 891 2572 ού
907 2511 1035 2596 φανερῆ

70 2608 159 2697 μόχη
185 2603 261 2676 ἀλλ’
284 2604 410 2693 ιἰφανεί
428 2608 537 2694 τέχνη.
577 2605 753 2694 Θεόδωρος
782 2613 944 2694 φρουρῶν
963 2617 1033 2694 Ση-

71 2710 168 2796 στόν,
184 2713 311 2797 ἑταῖρος
325 2712 498 2794 Κλέωνος,
519 2708 687 2797 μοιχεύων
707 2709 848 2798 γύναιον
869 2715 907 2780 ἐν
930 2738 1033 2797 προα-

72 2821 189 2907 στείφ,
213 2820 271 2902 τῆς
291 2809 479 2902 ύδρορρόης
501 2810 557 2883 διὰ
576 2819 637 2883 τού
657 2821 786 2902 τείχους
800 2819 916 2902 στενῆς
931 2841 1032 2902 φερο-

74 2920 191 3005 μένης,
219 2920 279 2986 ἕνα
307 2924 409 2986 λίθον
436 2919 594 3006 ἐξαιρῶν,
624 2913 681 2986 διό
705 2915 826 2997 νυκτός
853 2914 950 2998 ἑξιῶν
977 2919 1033 2985 καί

75 3017 209 3104 είσιῶν,
236 3018 295 3089 τόν
317 3028 417 3113 λίθον
437 3019 648 3107 ἐναρμόττων
669 3021 725 3088 καὶ
740 3025 838 3089 τοῦτο
851 3016 1034 3088 λανδόνων

74 3129 120 3217 τῷ
132 3121 314 3200 Κλέωνιτδ
330 3122 557 3211 πραττόμενον
572 3118 796 3210 ῶμολόγησεν,
811 3117 855 3201 ῶς
864 3127 1031 3211 παίγνιον.

69 3224 104 3294 ‘0
132 3226 170 3296 δὲ
197 3240 265 3305 τοίς
289 3223 486 3314 Ἀβυδηνοῖς
516 3220 553 3294 τό
580 3221 771 3314 ἀπόρρητον
803 3223 1032 3311 ἐξαγορεύσας,

73 3329 238 3418 ἀσέληνον
259 3328 363 3398 νύκτα
386 3326 636 3416 παρατηρήσας,
659 3326 742 3398 κατα
756 3324 817 3416 τῆν
831 3322 1031 3415 ύδρορρόην,

144 3564 210 3628 Cap.
230 3561 273 3614 36.
310 3565 334 3624 ξ.
351 3561 377 3611 2.
414 3560 456 3610 Ex
475 3559 646 3638 Thucyd32,
665 3559 706 3612 13.
