2318 3892
441 153 673 216 AEYTEPON.
994 151 1037 214 49

148 330 195 396 Οί
218 323 386 414 σύμμαχοι
412 329 699 414 Λακεδαιμονίους
723 321 883 415 ᾐτιῶντο,
906 319 1068 396 “Αότοὶ7

61 429 131 522 μὲν
165 426 421 518 στρατευόμεθα
453 431 593 514 πολλοὶ,
627 428 788 509 Λάκωνες
821 428 860 498 δέ
893 423 1033 515 όλίγοι”.

56 530 260 622 Ἀγησίλαος
287 532 325 602 ἐν
353 535 460 624 πεδίῳ
487 530 690 620 προσέταξεν
718 536 789 601 ίδία
810 532 873 620 μὲν
894 537 1035 601 καθίσαι

61 633 149 719 τούς
163 633 345 718 Λάκωνας,
366 638 437 727 ίδία
457 634 495 704 δὲ
517 633 595 714 τούς
610 634 902 724 συμμάχους.οί
912 633 974 722 μὲν
992 632 1034 722 δὴ

65 741 248 830 κριθέντες
273 737 453 826 ἐκάθηντο.
501 737 617 825 Κήρυξ
645 735 726 807 δὲ’
706 737 888 827 ηγόρευεν·
912 732 1033 806 “Ἀυα-

67 841 226 912 στάντων
238 843 273 909 οί
284 836 475 929 κεραμεῑςί
492 837 678 927 ἀνέστησαν
693 837 760 910 άπὸ
772 845 839 910 των
852 839 1035 928 συμμάχων

70 939 138 1016 οὐκ
152 940 268 1034 όλίγοι.
296 936 482 1032 “Δεότεροι
497 948 531 1013 oc
548 953 663 1029 χαλκεῖ
663 940 719 1024 ς·”
743 940 930 1031 ἀνέστησαν
950 952 1031 1010 πολ-

73 1052 139 1115 λοί.
167 1041 184 1069 “
192 1050 310 1133 Τρίτον
323 1050 358 1114 οἱ
374 1043 564 1126 τέκτουες·”
588 1044 775 1134 άνέστησαν
790 1054 957 1125 πλείονες·
979 1047 1035 1114 καὶ

70 1146 153 1229 τούς
170 1145 292 1228 ἄλλους
312 1147 503 1236 βαναύσους
523 1151 580 1218 καὶ
600 1157 751 1238 τεχνίτας
767 1152 885 1240 ἐφεξῆς
898 1150 1033 1217 κατέλε-

72 1253 147 1340 ξεν,
170 1247 255 1320 ὥστε
276 1248 394 1339 ὀλίγον
416 1257 490 1322 δεῖν
509 1251 631 1333 πάντες
650 1251 838 1341 άνέστησαν
858 1256 891 1321 οί
903 1251 1033 1339 σύμμα-

68 1351 141 1443 χοι,
162 1359 439 1443 Λακεδαιμονίων
459 1355 497 1424 δδ
510 1351 642 1438 οὐδείς·
664 1353 823 1444 ἀπείρητο
843 1353 908 1445 γάρ
924 1351 1037 1433 αὐτοῖς

67 1457 191 1545 τέχνην
204 1456 378 1545 βάναυσον
392 1457 600 1547 ἐργάζεσθαι.
631 1455 748 1539 Οὕτως
769 1455 834 1547 ἄρα
854 1455 1034 1545 ἐδιδάχθη·

69 1581 138 1630 σαν
151 1562 185 1630 οί
207 1559 388 1649 σύμμαχοι,
413 1567 569 1643 πλείονας
589 1558 702 1631 αὐτῶν
723 1559 809 1631 είναι
833 1559 1035 1650 στρατιώτας

71 1660 151 1743 τούς
168 1661 342 1743 Λάκωνας.
1080 1733 1087 1744 ‚

55 1811 58 1832 .
160 1761 350 1854 Ἀγησίλαος
365 1771 412 1846 είς
423 1762 495 1834 'Aac
494 1793 536 1834 αν
551 1760 605 1836 ὅτε
619 1766 716 1853 διέβη
730 1762 835 1833 καὶ
799 1791 860 1854 την
873 1763 1035 1850 βασιλέως
1051 1781 1070 1835 8

74 1869 289 1956 ἐλυμαίνετο,
321 1866 591 1958 Τισσαφέρνης’
573 1865 694 1956 αυοχόις
718 1867 959 1938 σννέθετο.Α
961 1864 1077 1935 ίδδ

72 1968 189 2059 όινοχαι
203 1987 292 2060 τρεῖς
307 1998 426 2060 μηνες,
441 1961 541 2067 ἐφ’,ῗ
514 1999 541 2040 ω
551 1997 588 2042 τε
596 1972 736 2060 βασιλέα
749 1986 873 2056 πεῖσαι,
888 1964 962 2039 όσαι
973 1967 1034 2039 πό-

72 2083 142 2155 λεις
151 2070 341 2163 Ελληνίδες
362 2077 399 2144 ἐν
410 2070 519 2166 Ἀσία,
534 2077 591 2145 καὶ
605 2073 647 2164 δὴ
668 2069 874 2163 αὐτονόμους
887 2069 954 2161 άφε
956 2086 1036 2141 ῑναι.

74 2181 121 2246 Οί
129 2174 211 2264 μδν“
205 2186 353 2267 Ελληνες
365 2125 581 2266 άνέμεάου
544 2206 607 2269 την
617 2184 843 2267 προθεσμίαν
858 2204 877 2246 ο
864 2172 930 2246 ’λδ
947 2175 1036 2265 Πέρ-

55 2301 134 2367 ισης
154 2278 281 2368 πολλὴν
301 2295 395 2368 χεῖρα
420 2281 598 2367 συλλέξας,
618 2281 761 2350 ἐπίθετο
779 2295 849 2358 τοις
869 2274 1037 2364 Ἕλλησιν.

67 2379 299 2467 Ὀρρωδίακαί
313 2380 427 2470 φόβος.
438 2379 644 2472 Ἀγησίλαος,
658 2383 715 2452 καί
724 2378 866 2471 φαιδρός
878 2377 1038 2468 τὴυόψιν,

72 2481 165 2573 μάλα
193 2482 235 2572 δὴ
261 2484 486 2573 γαννόμευος,
508 2485 730 2575 ἐστρατήγησε
757 2486 885 2570 λέγων,
907 2478 1039 2569 “Χάριυ

72 2585 153 2656 οἶδα
171 2587 383 2711 Τισσαριέρνη
404 2593 463 2676 τῆς
485 2590 673 2676 ἐπιορκίας·
695 2587 805 2680 ἑαυτω
817 2581 932 2674 μὲν
893 2610 958 2709 γαρ
976 2609 1037 2655 πο-

72 2693 211 2778 λεμίονς
228 2688 311 2771 τοός
331 2687 436 2771 θεοὺς
461 2692 637 2780 ἐποίησεν,
663 2685 745 2780 ημίν
770 2655 808 2759 δὲ
833 2686 1038 2814 σμμμάχους.

64 2791 184 2879 Ἴωμεν
205 2791 247 2882 δη
266 2798 479 2921 θαρροῦντες
499 2789 544 2874 6,-
564 2793 768 2884 μαχούμενοι
788 2819 870 2882 μετα
858 2788 1038 2881 τηλικου

74 2923 145 2965 των
159 2894 379 2986 συμμάχων”.
406 2894 661 2986 Ἀνεθάρρησαν
679 2893 732 2966 οί“
726 2904 921 2991 Ελληνες
888 2922 935 2964 τω
922 2893 1040 2986 λόγω

74 3002 136 3066 τοῦ
150 3005 355 3089 στρατηγοῦ,
377 3001 435 3069 καί
455 3001 684 3091 συμβαλόντες
697 3002 856 3088 νίκησαν
867 3022 945 3076 τους
956 3002 1040 3084 βαρ-

73 3100 210 3189 βάρους.
307 3153 311 3159 -

146 3333 212 3398 Cap.
235 3335 258 3384 l.
295 3337 319 3398 5.
337 3335 361 3384 7.
398 3337 441 3386 Ex
457 3333 531 3390 Plut.
551 3312 635 3400 λςεα.Ι
653 3332 688 3385 26
705 3331 767 3385 noll.
785 3331 976 3400 apophthegm.
986 3332 1041 3383 La·
1109 3337 1113 3343 “

73 3402 315 3594 {ongagf‘lsl'wg'
332 3472 357 3525 8.
394 3473 516 3540 Χεαορλι.
534 3471 636 3540 ΑςεείΙ.
658 3472 688 3536 1,
709 3469 742 3522 10
759 3468 821 3522 eolL
838 3468 946 3522 Hellen.
963 3467 995 3536 3,
1012 3470 1040 3533 4,

110 3555 168 3609 seq.
239 3556 299 3607 seq.

132 3641 262 3680 Pomm
282 3642 378 3680 στω.
500 3673 503 3677 .
872 3626 891 3684 4
