2318 3892
152 187 192 250 20
540 187 725 247 ΒΙΒΛΙΟΝ

41 417 57 455 ρ
152 389 238 451 ματα
260 363 422 448 ἐνέγραψε
455 387 495 450 τη
517 363 664 449 κεφαλῇ,
683 354 701 379 “
710 352 859 438 Ἱστιαῖος
880 356 1110 449 Ἀρισταγόρᾳ·

148 463 278 534 Ἰωνίαν
292 458 504 551 άπόστησον”
522 463 577 531 καὶ
591 476 660 540 τοῖς
673 466 852 550 στίγμασιν
871 464 1054 550 ἐπέθρεψε
1066 460 1111 540 τός

152 573 275 655 τρίχας.
318 570 445 635 Τοῦτον
464 563 523 633 τὸν
544 563 668 650 τρόπον
682 562 801 633 λαθών
824 561 905 645 τούς
928 560 1112 652 φύλακαςό

152 667 432 758 στιγματοφόρος,
454 664 598 750 καταβάς
619 668 673 735 ἐπί
691 667 882 752 θάλατταν,
901 663 1112 757 άποξυράμε-

152 800 252 863 μενος
273 776 400 854 ἔδειξεν
419 767 636 860 Ἀρισταγόρᾳ
664 767 705 837 τά
724 777 907 858 στίγματα·
938 767 961 840 ὁ
983 771 1025 859 Q}
1045 770 1124 841 ἄνα-τ

153 874 255 964 γνούς
268 871 454 962 ἀπέστησεν
469 870 530 961 τὴν
540 870 680 941 Ἰωνίαν.

500 1050 541 1106 25.
560 1052 764 1105 ΠΙΤΤΑΚΟΣ.

231 1177 395 1257 Πιττακός
429 1180 485 1246 καὶ
517 1176 665 1264 Φρύνων
710 1176 946 1265 ἐμονομάχουν
984 1185 1112 1266 Σιγείου

154 1285 247 1369 πέρι·
264 1284 379 1362 ἐόοξεν
392 1277 519 1367 ἀμφοῖν
535 1289 591 1348 ίσα
606 1285 694 1366 ἔχειν
713 1277 810 1350 ὅπλα.
848 1278 897 1349 Τά
914 1281 987 1368 μὲν
1001 1282 1047 1372 δὴ
1060 1310 1111 1369 φα-

153 1381 234 1472 νερά
249 1380 334 1453 ὅπλα
349 1393 404 1451 ίσα
417 1374 469 1470 ἦν.
490 1380 655 1462 Πιττακός
669 1382 705 1451 δὲ
720 1378 786 1451 ύπό
799 1388 839 1474 τῇ
851 1380 980 1453 άσπίὸι
995 1385 1123 1473 κρύψαι

153 1484 408 1576 ἀμφίβληστρον
424 1484 618 1573 περιβάλλει
633 1483 692 1553 τόν
707 1485 896 1572 Φρύνωνα,
918 1490 983 1556 καὶ
998 1491 1110 1580 ῥηιόίως

154 1587 422 1676 ἐπισπασάμενος
444 1587 612 1672 κτιννύει,
633 1589 689 1655 καὶ
710 1595 848 1674 Σίγειον
868 1606 942 1669 τοῖς
965 1597 1109 1679 Λεσβίοις

152 1697 199 1786 τῷ
214 1698 296 1785 λίνω
314 1691 511 1779 ἐβήρευσεν.
540 1685 624 1759 Οἷον
644 1691 699 1758 καὶ
719 1695 783 1759 νῦν
797 1696 832 1760 οί
848 1700 1109 1782 μονομαχοῦντες

155 1801 250 1866 λίνον
262 1803 374 1882 έχουσι
382 1845 392 1880 ,
406 1790 571 1872 Πιττακός
586 1795 748 1874 ἐδίδαξεν.

556 1971 598 2026 20.
617 1975 712 2026 ΒΙΑΣ.

232 2107 378 2186 Κροῖσος
397 2095 510 2178 Λυδὸς
536 2101 690 2168 ἐπιπλεῖν
717 2115 785 2179 τοῖς
811 2088 995 2186 νησιώταις
1019 2124 1108 2187 παρε·

31 2267 34 2271 ,
155 2202 342 2286 σκευάζετο.
370 2208 451 2281 Βίας
472 2196 673 2290 όΠριηνεύς
694 2204 848 2290 ἐξέπληξε
862 2198 921 2270 τόν
935 2201 1061 2278 Λυδόν
1075 2208 1108 2271 εί·

155 2303 247 2388 πιόν,
263 2301 334 2375 “Οί
349 2309 508 2392 νησιῶται
532 2301 661 2393 πολλὴν
675 2308 779 2374 ἴτ’τπον
794 2308 851 2374 ἐπί
862 2323 900 2373 σε
915 2298 1110 2376 &mimae-'¹

99 2491 104 2499 Ι
150 2404 186 2476 Ὁ
213 2408 250 2478 δὲ
270 2406 413 2495 γελάσας
439 2413 523 2495 ἐφη,
547 2399 616 2474 “Ὦ
638 2411 721 2492 Ζεύ,
747 2406 912 2495 νησιώτας
932 2411 973 2477 ἐν
991 2406 1111 2501 ἠπείρῳ

155 2508 324 2600 λάβοιμι.”
352 2506 386 2592 ‘O
403 2511 440 2580 δὲ
452 2519 552 2594 Βίας,
563 2505 581 2532 “
592 2516 633 2578 Τί
645 2508 672 2578 δ’
688 2507 805 2595 άλλο”,
821 2516 903 2598 ἐφη,
914 2505 1129 2591 “κάκείυους’

158 2611 318 2701 εὔχεσθαι
341 2623 421 2698 οίει,
448 2608 469 2701 ἢ
491 2609 581 2692 όπως
599 2621 748 2701 Κροίσου
771 2610 968 2703 ἦπειροίτην
994 2617 1036 2686 ἐν
1060 2628 1112 2687 θα-

157 2714 259 2804 λάττῃ
283 2712 463 2801 λάβοιεν;”
492 2711 527 2782 ‘0
551 2715 647 2801 λόγος
659 2722 802 2797 Βίαντος
823 2722 960 2787 ἔπεισεν
972 2724 1114 2809 Κροίσω

158 2818 212 2887 ἐπὶ
226 2817 286 2923 τὰς
298 2814 421 2906 νήσους
440 2823 582 2887 πλεῦσαι
597 2821 721 2906 μηκέτι.

541 2995 582 3050 27.
601 2998 737 3050 ΓΕΑΩΝ.
800 3032 803 3037 -
1137 3030 1149 3109 ρ

124 3148 139 3199 1
234 3124 349 3192 Γέλων
377 3124 604 3209 Δεινομένους
632 3122 864 3212 Συρακούσιος
898 3127 936 3192 ἐν
962 3131 1013 3220 τῷ
1044 3120 1149 3215 πρόςελ

154 3223 328 3315 Ἱμίλκωνα
350 3223 410 3294 τόν
423 3225 657 3313 Καρχηδόνιον
677 3228 810 3318 πολέμῳ
825 3227 1011 3315 στρατηγὸς
1026 3228 1117 3301 αὐτο·
1135 3272 1149 3311 ‚³

157 3328 289 3416 κράτωρ
312 3329 576 3416 χειροτονηθείς,
605 3335 765 3418 λαμπρῶς
793 3325 1053 3421 ἀγωνισάμενος
1072 3332 1118 3419 καί

230 3560 298 3625 Cap.
319 3563 361 3614 26.
399 3561 441 3611 Ex
456 3559 559 3611 Herod.
580 3561 607 3624 1,
627 3561 669 3610 27.
