2318 3892
457 192 617 254 TPITON.
974 195 1011 255 91

393 359 418 412 ι.
436 326 690 422 mmmm,

132 504 342 590 Κλεισθένης
360 505 493 590 Κίρραν
518 501 714 595 ἐπολιόρκει.
756 501 945 591 Μάντευμα
972 496 1015 592 ἦν

57 611 249 696 Κιρραίοις,
282 602 454 674 ἀνάλωτον
483 610 621 676 ἔσεσθαι
647 606 709 696 τὴν
734 606 851 694 πόλιν,
884 608 947 687 ἔως
972 603 1015 677 άν

55 709 169 801 ψαύσῃ
197 715 255 798 τῆς
282 712 372 797 ίεράς
391 712 451 795 γῆς
471 704 492 796 ἡ
512 707 676 780 θάλασσα.
716 716 762 779 Οί
778 709 841 799 μὲν
857 717 1015 800 Κιρραῖοι

55 812 306 901 κατεφρόνουν,
328 820 485 880 πλεῖστον
508 809 685 900 άπέχοντες
711 812 891 901 θαλάσσης.
922 808 967 881 Ἡ
978 812 1016 883 δέ

55 922 167 1004 Κίρρα
190 919 248 1002 τῆς
270 919 359 1003 ίεροῖς
372 918 431 1002 γῆς
444 920 568 1002 ἔψαυε,
589 915 804 1005 καθηκούσης
817 917 871 985 ἐπὶ
884 914 1013 986 θάλασ-

55 1047 133 1088 ναν.
162 1013 198 1085 Ὁ
212 1017 434 1105 Κλεισθένης,
449 1015 486 1087 τὸ
499 1034 659 1107 μαντεῖον
671 1017 810 1108 μαθῶν,
825 1021 1015 1108 καθιέρωσε

55 1127 101 1216 τῷ
115 1126 186 1213 θεῷ
206 1120 267 1209 τήν
287 1147 324 1189 τε
337 1119 437 1189 πόλιν
466 1122 524 1190 καὶ
540 1119 603 1211 τὴν
622 1121 736 1212 χῶραν
756 1119 818 1211 την
834 1129 1013 1211 Κιρραίαν,

55 1231 111 1295 ἵνα
134 1228 222 1293 πάσα
242 1221 315 1313 ίερά
333 1225 496 1314 γενομένη
517 1223 601 1294 κατὰ
621 1223 680 1294 τὸν
699 1223 848 1315 χρησμὸν
873 1224 1015 1308 ψαύσειε

55 1333 111 1419 τῆς
124 1327 305 1415 θαλάσσης.
334 1331 439 1396 Τοῦτο
452 1327 578 1418 πράξας
593 1327 784 1418 ἐκράτησεν,
799 1332 856 1400 καὶ
868 1325 1014 1419 ἀνέθηκε

55 1430 116 1520 τὴν
130 1430 243 1520 χῶραν
257 1435 304 1524 τῶ
318 1434 400 1524 θεῷ.

410 1609 438 1664 δ.
458 1610 660 1664 ΦΡΤΝΙΧΟΣ.

55 1741 57 1746 ”
134 1735 316 1827 Φρύνιχος,
338 1737 376 1805 ἔν
396 1732 501 1828 Σάμςο
522 1741 732 1824 στρατηγῶν,
755 1735 937 1826 προδιδούς
954 1735 1016 1826 τὴν

55 1839 176 1925 πόλιν,
205 1837 243 1908 ἓν
263 1845 310 1933 τῶ
329 1845 465 1928 μέλλειν
480 1840 692 1926 διαβληθείς,
714 1839 909 1931 καταφανὴς
921 1846 1013 1929 γίνε-

55 1954 139 2012 σθαι
152 1945 301 2031 μέλλων,
316 1940 450 2030 φθάσας
463 1955 602 2026 προεῖπε
615 1957 684 2022 τοῖς
695 1950 837 2032 Σαμίοις
854 1939 915 2013 ὅσα
929 1949 1015 2032 δρῶν

55 2052 196 2135 ἔμελλον
209 2050 244 2116 οί
255 2047 416 2135 πολέμιοι.
439 2040 559 2113 “Κατοί
569 2042 606 2115 τὸ
625 2043 810 2134 ἀτείχιστον
823 2052 881 2137 τῆς
894 2046 1014 2137 Σάμου

55 2153 213 2239 μέλλουσι
232 2138 475 2237 προσβάλλειν,
496 2144 537 2244 ού
560 2153 678 2218 πασῶν
698 2154 811 2232 [ἔνδον
824 2147 1013 2240 ὁρμουσῶν]

55 2260 123 2322 τῶν
142 2259 241 2322 νεῶν.
270 2248 370 2321 Ἀλλά
387 2250 612 2340 προλαβόντες
631 2251 859 2340 τειχίσωμεν.”
897 2258 943 2322 Οί
953 2254 1015 2341 μὲν

55 2355 195 2445 ἤρχοντο
217 2359 278 2423 τοῦ
297 2359 478 2442 τειχισμοῦ.
516 2358 561 2421 Οί
577 2353 615 2422 δὲ
634 2356 712 2443 περὶ
722 2352 938 2443 Ἀλκιβιάδην
960 2353 1012 2442 έχ-

55 2455 134 2547 θροί
166 2457 341 2546 γράμματα
369 2463 512 2545 Σαμίοις
540 2460 712 2544 ἔπεμψαν,
749 2459 921 2545 μηνύοντα
954 2454 1016 2546 τὴν

55 2568 229 2650 Φρυνίχου
250 2564 445 2647 προδοσίαν.
479 2557 602 2645 Σάμιοι
623 2574 692 2640 τολς
715 2565 824 2647 ἔργοις
842 2567 1015 2650 Φρυνίχου

55 2671 183 2753 μᾶλλον
205 2658 407 2732 ἐπίστευσαν
427 2656 472 2740 ῶς
500 2657 634 2747 άγαθού
659 2668 863 2753 στρατηγοῦ,
897 2657 918 2753 ἢ
945 2679 1014 2744 τοῖς

55 2774 125 2837 τῶν
141 2764 273 2856 ἐχθρῶν
285 2764 485 2856 γράμμασιν.
741 2772 742 2776 ’

427 2945 452 2999 7.
467 2946 652 3002 ΛΑΧΔΡΗΣ.

132 3070 297 3161 Λαχάρης,
304 3068 801 3162 άλισκομένωνἌθηναίωνύπό
808 3076 1015 3160 Δημητρίου,
1034 3095 1047 3145 1

55 3176 184 3265 έσθητα
211 3172 378 3263 οἰκετικὴν
404 3176 459 3243 καλ
485 3171 644 3262 άγροικον
668 3173 865 3262 άναλαβῶν,
897 3176 1015 3263 μέλανι

55 3289 172 3369 χρίσας
187 3277 224 3346 τὸ
245 3276 441 3367 πρόσωπον,
460 3276 612 3349 κάλαθον
629 3273 695 3348 ὑπὸ
710 3276 837 3346 κόλπου
859 3285 1014 3368 κομίζων,

56 3384 114 3453 διὰ
134 3387 275 3461 πυλίδος
299 3385 419 3471 μικράς
436 3375 651 3468 ύπεξελθῶν,
676 3379 791 3470 ἐπιβάς
805 3386 929 3469 ἵππου,
953 3387 1012 3452 δα·
1074 3403 1079 3418 “

55 3521 285 3533 ...ηρ-...σο

104 3551 193 3645 ’σιμ
212 3581 239 3634 ο.
276 3579 319 3630 Ex
337 3578 460 3645 τεηομ.
475 3579 506 3644 ε,
519 3579 562 3631 51.
691 3584 693 3589 ·
