2318 3892
432 211 662 273 TETAPTON.
966 212 1026 276 133

62 381 124 464 τάς
156 379 269 471 Θήβας
297 387 382 470 ἔχοι·
415 389 557 469 Θηβαῖοι
586 382 641 469 δὲ,
678 379 854 472 εὐρώστως
881 384 1026 474 μαχόμε-

62 513 136 570 νοι,
159 481 204 565 ὥς
230 484 323 554 εἶδον
341 485 600 575 ἐπιστραφέντες
620 488 810 556 ἑαλωκυῖαν
833 485 895 575 τὴν
915 487 1026 574 πόλιν,

63 594 222 675 ἔφευγον.
789 614 793 620 ·

136 687 352 777 Ἀλέξανδρος
366 684 582 778 ἡμιθωράκια
595 702 665 769 τοῖς
678 688 846 778 φεύγουσι
863 691 1023 779 στρατιά·
1046 699 1077 754 13

34 825 47 863 ε
65 816 138 872 ταις
155 790 230 861 ἀντὶ
245 792 414 878 θωράκων
428 796 574 878 ἔδωκεν,
594 795 651 859 ἵνα
665 793 822 881 μένοντες
835 792 897 881 μὲν
915 790 1024 881 άσφά-

65 903 163 964 λειαν
176 901 299 980 ἔχοιεν,
313 896 382 960 τεόν
394 891 477 963 κατὰ
486 893 665 982 πρόσωπον
672 898 925 984 κρυπτομένων,
941 896 1024 984 φεό-

65 1022 184 1084 γοντες
203 995 240 1063 δὲ
257 992 298 1064 τά
320 991 467 1066 όπισθεν
485 997 569 1086 μέρη
592 997 779 1083 φυλάσσειν
797 996 843 1088 μὴ
855 997 1025 1069 δύναιντο.

68 1095 122 1167 Οὐ
148 1103 266 1166 τοίνυν
291 1103 438 1186 ἔφευγεν
462 1095 575 1179 οὐδεὶς
599 1105 823 1190 γυμνωθῆναι
853 1099 1025 1188 δεδωκάς,
1121 1114 1127 1121 ”

63 1199 150 1270 άλλά
164 1200 304 1270 πάντοτε
318 1203 441 1270 ἐνίκων
454 1204 620 1289 μένοντες.

25 1322 73 1364 10
138 1299 420 1392 Ἀλέξανδρος,
404 1304 506 1374 οπότε
530 1301 712 1393 παρόντων
743 1302 898 1391 μάντεων
923 1302 1026 1394 ἤκουε
1044 1315 1077 1370 14

64 1403 152 1475 καλόι
163 1403 389 1493 γεγονέναι
352 1434 393 1475 τα
407 1404 490 1494 ίερόι,
505 1408 702 1538 περιφέρειν
718 1405 901 1476 ἐκέλευε
866 1435 905 1475 τοι
920 1413 1025 1497 ίερελα

64 1537 120 1579 και
110 1507 307 1581 δεικνύειν
320 1523 390 1587 τοῖς
410 1508 677 1596 στρατιάταις,”
660 1537 717 1579 ινα
730 1507 775 1596 μὴ
795 1509 900 1598 μόνον
921 1507 1024 1579 άκοό-

64 1638 176 1696 οντες,
192 1608 277 1680 άλλόι
291 1606 651 1698 καὶόρωντεςάγαθάς
664 1617 772 1698 ἔχοιεν
785 1614 937 1700 περὶτοῦ
950 1638 1024 1680 κιν-

66 1711 225 1784 δάνου
188 1740 246 1792 τας
263 1715 342 1781 ἐλπί
327 1718 411 1793 ί.δας

10 1826 48 1880 ’ω
139 1814 372 1903 Ἀλεξανδρος,
414 1809 534 1901 διαβάς
558 1813 592 1891 ἐς
616 1808 681 1900 τὴν
702 1808 833 1899 Ἀσίαν,
861 1729 1027 1901 Μέμνονα
1045 1836 1077 1887 15

63 1923 316 2006 στρατηγοῦντα
329 1911 518 2005 Πέρσαις”
495 1941 646 1984 υποπτον
667 1915 820 2005 ἐποίησε,
842 1918 1027 2006 προστάξας

62 2037 134 2102 τοῖς
149 2018 347 2089 Μακεδόσιν
359 2021 506 2101 ἐξιοῦσιν
520 2015 628 2087 ἐπὶ
591 2045 649 2099 τας
663 2016 831 2108 προνομάς
842 2016 1027 2107 ἀπέχεσθαι

63 2130 134 2194 τῶν
146 2124 397 2209 τοόιΜέμνονος
411 2127 554 2211 χωρίων.

139 2223 372 2311 Ἀλέξανδρος,
405 2223 575 2312 Γράνικον
600 2227 807 2310 διαβαίνων,
833 2223 967 2308 Πέρσας
993 2224 1026 2304 ἐξ
1045 2241 1078 2294 16

10 2349 46 2400 2ο
64 2323 277 2413 ὑπερδεξίων
299 2326 453 2406 ἐπιόντας
478 2322 630 2410 (αὐτους)
654 2321 754 2403 αὐτὸς
773 2325 828 2393 ἐπὶ
847 2323 931 2410 δόρυ
951 2321 1030 2404 τοός

66 2431 274 2508 Μακεδονας
283 2424 686 2516 αγαγωνυπερεκίρασεν
701 2422 774 2514 ηδδ
784 2424 913 2513 φαλαγξ
924 2447 1027 2515 προσ

46 2555 216 2604 πεσουσα
227 2530 305 2610 τούς
318 2536 498 2617 πολεμίους
510 2531 708 2613 ἐτρέψατο.

142 2633 360 2722 Ἀλέξανδρος
381 2637 419 2702 ἐν
435 2629 608 2719 Ἀρβήλοις
623 2626 857 2719 παρετάσσετο.
884 2639 1030 2719 Δαρεῖος
1047 2654 1079 2709 17

66 2737 105 2808 τό
125 2744 324 2826 μεταίχμιον
350 2741 409 2824 τῆς
433 2738 602 2821 συμβολῆς
627 2731 795 2821 τριβόλοις
818 2735 1028 2819 κατέσπειρε.

18 2874 48 2915 25
74 2845 182 2911 Τοῦτο
212 2838 254 2927 δὴ
274 2832 467 2907 συνιδων’
452 2865 471 2906 ο
495 2833 686 2922 Μακεδὼν,
713 2860 773 2904 του
760 2838 905 2917 δεξιον
923 2838 1034 2921 κέρως,

66 2940 268 3034 ἡγούμενος,
291 2943 346 3010 ἐπὶ
363 2939 447 3028 δόρυ
466 2938 695 3028 παρήγγειλεν
703 2934 925 3023 άκολουδεῐν,
938 2934 1029 3017 ὅπως

67 3048 244 3135 περιίλθοι
256 3042 316 3112 τόν
331 3041 435 3123 τόπον
455 3040 515 3110 τόν
533 3041 808 3128 κατεσπαρμένου
829 3052 900 3118 ταῖς
914 3038 1027 3126 τριβό-

68 3160 158 3229 λοις·
191 3143 209 3218 ό
238 3146 276 3225 δὲ
295 3146 444 3234 Πέρσης,
471 3140 714 3232 ἀντιπαράγειν
741 3139 947 3227 πειρώμενος
973 3138 1026 3210 ἐπ’

68 3250 213 3336 ἀσπίδα,
239 3249 359 3317 διέσπα
378 3248 526 3332 συνεχῶς
546 3243 608 3333 τὴν
626 3250 743 3314 ἵππον.
788 3250 864 3323 Τοῖς
886 3242 1028 3312 διασπά-

28 3387 53 3428 ιο
69 3374 195 3443 σμασιν
209 3347 364 3440 ἐμβαλόν
379 3345 611 3437 Ἀλέξανδρος,
633 3342 756 3434 ὁμοίως
769 3346 806 3414 δὲ
819 3347 876 3413 καὶ
894 3354 1030 3432 Παρμε-

70 3463 158 3526 νίων
180 3451 250 3531 ,άπδ
270 3457 331 3523 τοῦ
350 3455 463 3535 λαιοῦ,
484 3448 543 3531 τάς
562 3449 626 3537 μὲν
646 3446 821 3535 τριβόλους
840 3448 1031 3533 ἐξένευσαν,

72 3556 151 3640 τεός
165 3557 204 3628 δὲ
216 3561 396 3645 πολεμίους
411 3551 553 3641 φεύγειν
565 3549 771 3642 ἠνάγκασαν.
