2318 3892
452 191 674 254 TETAPTON
987 191 1048 255 163

79 368 202 455 μυχία,
221 358 320 442 ὅσους
339 359 411 451 μετ’
425 360 617 453 Ἀθηναίων
632 336 700 433 εἷλε
713 370 943 451 Σαλαμινίους
961 363 1046 435 άνεν

79 467 217 556 λύτρων
241 463 366 555 άφήκε·
390 466 580 554 πυθόμενοι
601 467 638 535 δὲ
662 473 698 536 οί
713 467 776 558 τήν
797 476 976 554 Σαλαμῖνα
993 474 1042 538 ol·

77 573 222 648 κούντες
252 568 512 658 προσεχώρησαν
544 570 780 665 Κασσάνδρῳ,
806 567 1043 650 πιστεύσαντες

77 668 188 741 αὐτοῦ
201 676 241 761 τή
256 677 509 764 φιλανθρωπία.

53 800 63 837 ·›
159 773 1092 864 ΚάσσανδροςΝικάνοραφρουροῦντατήνΜοννυ·(1)2

74 883 157 965 χίαν
171 878 227 945 καλ
243 875 325 965 πρὸς
339 875 443 946 αὐτόν
458 876 636 966 κακοήθως
649 883 767 964 ἔχοντα
781 880 882 968 τέχνη
896 882 1039 948 συνέλα-

75 986 153 1069 βεν.
194 976 375 1050 Ἀποπλεῑν
393 986 451 1070 τής
468 977 613 1068 Ἀττικῆς
633 981 909 1068 προσεποιήσατο.
941 983 1040 1051 ’Μέλ-
1083 1047 1084 1052 ,

76 1091 174 1152 λοντι
201 1083 239 1152 δὲ
258 1079 350 1176 αύτῷ
370 1089 430 1152 τοῦ
452 1082 603 1170 σκάφους
624 1086 813 1171 ἐπιβαίνειν
840 1082 1042 1173 προσελθων
1067 1111 1069 1115 ·

74 1185 357 1275 γραμματοφόρος
395 1189 543 1256 ἐπέδωκε
574 1185 751 1274 γράμματα
779 1187 868 1276 παρά
902 1191 972 1256 τῶν
1003 1190 1041 1257 ἐν

53 1319 59 1354 ι
80 1293 283 1380 Μακεδονία
296 1295 426 1376 φίλων,
446 1285 489 1369 ὡς
504 1289 717 1358 Μακεδόνων
731 1285 834 1359 αὐτὸν
845 1289 1041 1361 καλούντων

76 1395 112 1471 ἐς
124 1388 187 1479 τήν
200 1398 375 1479 βασιλείαν
391 1390 446 1460 διά
460 1391 522 1480 τήν
535 1390 618 1481 πρὸς
626 1395 908 1482 Πολυσπέρχοντα
922 1390 1039 1482 όργήν.

81 1497 195 1563 Ταῦτα
208 1491 374 1581 ἀναγνούς
387 1493 605 1583 Κάσσανδρος
627 1492 769 1584 φαιδρὸς
789 1497 844 1564 καί
861 1494 1041 1585 περιχαρής

76 1597 230 1684 ἐγένετο,
245 1598 301 1666 καὶ
316 1595 376 1667 τὸν
389 1597 565 1685 Νικάνορα
577 1599 839 1685 παραπέμποντα
854 1598 1038 1668 ἐπισπασά-

77 1727 178 1788 μενος
192 1702 446 1788 ἐυηγγελίσατο,
469 1702 526 1769 καὶ
541 1696 678 1785 “Νῦν”,
702 1706 786 1788 ἔφη,
805 1696 823 1723 “
834 1698 942 1780 άλλως
959 1697 1039 1788 ήμΐν

53 1802 155 1890 νπερί
184 1808 252 1871 ταῖν
282 1803 486 1891 πραγμάτων
511 1798 581 1872 ἐστί
608 1805 829 1892 βουλευτέον,
856 1803 911 1872 καί
943 1807 1040 1893 κοινῇ

76 1904 193 1994 γνώμη
207 1903 269 1994 τήν
285 1903 391 1995 άρχήν
406 1901 645 1994 διατάξωμεν.”
685 1909 797 1974 Ταῦτα
811 1906 920 1992 λέγων
933 1901 1040 1994 ἡσυχῆ

78 2007 272 2098 παρήγαγεν
292 2006 395 2079 αὐτὸν
415 2019 463 2088 είς
485 2036 565 2078 τινα
590 2012 660 2076 τόν
679 2014 821 2095 πλησίον
840 2012 973 2093 οίκιοῖν,
995 2003 1040 2088 ὥς

77 2113 168 2206 μόνῳ
183 2112 258 2201 περί
274 2111 432 2200 μεγάλων
447 2108 646 2201 άπορρήτων
661 2107 902 2199 διαλεξόμενος.
924 2103 988 2180 Ἦν
1003 2108 1035 2179 δ’

77 2215 130 2284 ἐπὶ
157 2218 217 2303 τῆς
244 2220 350 2295 οἰκίας
374 2212 670 2304 ἀποκεκρυμμένος
688 2212 785 2301 λόχος
807 2209 1044 2309 ύπασπιστωνη

53 2324 111 2387 οοΐ
129 2316 356 2405 συλλαβόντες
375 2316 552 2406 Νικάνορα
573 2315 774 2405 ἐφρούρουν.
818 2315 1039 2403 Κάσσανδρος

76 2418 117 2509 δή
134 2424 334 2509 παραχρῆμα
355 2418 547 2507 συνήγαγεν
568 2421 765 2506 ἐκκλησίαν,
786 2418 930 2498 καὶτοῖς
953 2425 1036 2505 βου-

72 2525 229 2612 λομένοις
254 2527 481 2612 κατηγορῆσαι
511 2520 698 2608 Νικάνορος
720 2521 892 2606 ἐπέτρεψε.
938 2517 1036 2608 Παρά

73 2626 111 2696 δέ
127 2623 187 2695 τὸν
206 2623 326 2714 καιρὸν
344 2632 402 2714 τής
422 2622 630 2713 κατηγορίας
644 2620 706 2711 τήν
725 2627 930 2709 Μουνυχίαν
951 2623 1035 2710 ἐχει-

71 2727 216 2819 ρώσατο.
253 2727 462 2816 Νικάνορος,
494 2723 602 2805 άδεοῖς
623 2722 731 2794 πολλοὶ
758 2723 942 2813 δράσαντος
972 2750 1036 2795 πα-

73 2831 251 2922 ραυόμως,
285 2831 438 2901 θάνατον
471 2831 525 2899 ἐπὶ
551 2833 610 2918 τῆς
643 2829 819 2917 ἐκκλησίας
849 2834 1037 2917 κατεψηφί·
1105 2893 1108 2901 ,

72 2954 187 3004 σαντο.

53 3087 57 3090 -
152 3034 374 3122 Κάσσανδρος
397 3030 606 3122 Ὀλυμπιάδα
636 3034 817 3121 καθείρξας
844 3032 877 3110 ἐς
894 3028 1072 3106 Πύδναν3

71 3145 132 3229 τῆς
151 3143 371 3216 Μακεδονίας
392 3136 581 3223 ἐπολιόρκει
602 3136 746 3228 πολέμιμ.
783 3134 1036 3221 Πολυσπέρχων

72 3240 211 3330 νύκτωρ
231 3245 358 3328 ἔπεμψε
380 3237 629 3328 πεντηκοντήρη
643 3242 785 3325 πλησίον
803 3230 1035 3323 ὑφορμοῦσαν,

53 3387 57 3421 τ
73 3338 115 3435 ἧς
133 3347 294 3433 ἐπιβῆναι
307 3340 370 3432 τήν
383 3339 591 3431 Ὀλυμπιάδα
605 3331 794 3428 προύτρεπε
813 3335 870 3406 διὰ
883 3335 1036 3425 γραμμά-

72 3476 154 3520 των.
180 3443 217 3516 ‘0
232 3443 510 3535 γραμματοφόρος
523 3439 635 3527 άλοδς,
650 3438 766 3528 άχθελς
781 3438 871 3529 παρά
880 3438 1035 3509 Κάσσαν·

74 3557 159 3642 δρον
175 3544 344 3640 όμολόγει
362 3547 430 3639 τήν
447 3549 569 3639 πρᾶξιν
590 3540 646 3636 ἐφ’
670 3539 715 3634 ἣν
734 3544 912 3616 ἐστέλλετο.
942 3536 978 3617 ‘0
998 3542 1036 3612 δὲ

822 3660 885 3722 11*
920 3692 923 3700 1
