<?xml version="1.0" encoding="UTF-8"?>
<!DOCTYPE html PUBLIC "-//W3C//DTD XHTML 1.0 Transitional//EN"
    "http://www.w3.org/TR/xhtml1/DTD/xhtml1-transitional.dtd">
<html xmlns="http://www.w3.org/1999/xhtml" xml:lang="en" lang="en">
 <head>
  <title>
</title>
<meta http-equiv="Content-Type" content="text/html;charset=utf-8" />
  <meta name='ocr-system' content='tesseract 3.04.00' />
  <meta name='ocr-capabilities' content='ocr_page ocr_carea ocr_par ocr_line ocrx_word'/>
</head>
<body>
  <div class='ocr_page' id='page_1' title='image "./polyaenistrateg00polygoog_0133.png"; bbox 0 0 2318 3892; ppageno 0'>
   <div class='ocr_carea' id='block_1_1' title="bbox 100 184 674 246">
    <p class='ocr_par' dir='ltr' id='par_1_1' title="bbox 100 184 674 246">
     <span class='ocr_line' id='line_1_1' title="bbox 100 184 674 246; baseline 0 -1"><span class='ocrx_word' id='word_1_1' title='bbox 100 187 140 246; x_wconf 87' lang='grc'><strong><em>44</em></strong></span> <span class='ocrx_word' id='word_1_2' title='bbox 489 184 674 245; x_wconf 85' lang='grc' dir='ltr'><strong><em>ΒΙΒΛΙΟΝ</em></strong></span> 
     </span>
    </p>
   </div>
   <div class='ocr_carea' id='block_1_2' title="bbox 100 353 955 445">
    <p class='ocr_par' dir='ltr' id='par_1_2' title="bbox 100 336 955 445">
     <span class='ocr_line' id='line_1_2' title="bbox 100 353 955 445; baseline 0.001 -21"><span class='ocrx_word' id='word_1_3' title='bbox 100 383 197 443; x_wconf 90' lang='grc' dir='ltr'><strong><em>ηνται</em></strong></span> <span class='ocrx_word' id='word_1_4' title='bbox 211 354 338 426; x_wconf 88' lang='grc' dir='ltr'><strong><em>σκοπδν</em></strong></span> <span class='ocrx_word' id='word_1_5' title='bbox 353 357 441 425; x_wconf 81' lang='grc' dir='ltr'><strong><em>ἑλείν</em></strong></span> <span class='ocrx_word' id='word_1_6' title='bbox 455 354 517 445; x_wconf 79' lang='grc' dir='ltr'><strong><em>τὴν</em></strong></span> <span class='ocrx_word' id='word_1_7' title='bbox 528 353 689 434; x_wconf 86' lang='grc' dir='ltr'><strong><em>Κόνωνος</em></strong></span> <span class='ocrx_word' id='word_1_8' title='bbox 701 358 804 441; x_wconf 83' lang='grc' dir='ltr'><strong><em>ναῶν,</em></strong></span> <span class='ocrx_word' id='word_1_9' title='bbox 818 375 955 425; x_wconf 84' lang='grc' dir='ltr'><strong><em>κατασκ</em></strong></span> 
     </span>
    </p>
   </div>
   <div class='ocr_carea' id='block_1_3' title="bbox 100 456 955 1156">
    <p class='ocr_par' dir='ltr' id='par_1_3' title="bbox 100 456 955 1156">
     <span class='ocr_line' id='line_1_3' title="bbox 101 456 955 548; baseline -0.004 -21"><span class='ocrx_word' id='word_1_10' title='bbox 101 456 219 545; x_wconf 82' lang='grc' dir='ltr'><strong><em>ὁμοίαν</em></strong></span> <span class='ocrx_word' id='word_1_11' title='bbox 231 457 350 548; x_wconf 79' lang='grc' dir='ltr'><strong><em>τριήρη</em></strong></span> <span class='ocrx_word' id='word_1_12' title='bbox 362 464 403 547; x_wconf 76' lang='grc' dir='ltr'><strong><em>τῇ</em></strong></span> <span class='ocrx_word' id='word_1_13' title='bbox 417 459 540 527; x_wconf 75' lang='grc' dir='ltr'><strong><em>ἑαυτοῦ</em></strong></span> <span class='ocrx_word' id='word_1_14' title='bbox 554 460 610 527; x_wconf 82' lang='grc' dir='ltr'><strong><em>καὶ</em></strong></span> <span class='ocrx_word' id='word_1_15' title='bbox 623 456 682 527; x_wconf 84' lang='grc' dir='ltr'><strong><em>τόν</em></strong></span> <span class='ocrx_word' id='word_1_16' title='bbox 702 457 939 547; x_wconf 85' lang='grc' dir='ltr'><strong><em>στρατηγικὸν</em></strong></span> <span class='ocrx_word' id='word_1_17' title='bbox 952 496 955 524; x_wconf 86' lang='grc'>;</span> 
     </span>
     <span class='ocr_line' id='line_1_4' title="bbox 101 558 955 652; baseline 0.001 -22"><span class='ocrx_word' id='word_1_18' title='bbox 101 561 272 648; x_wconf 77' lang='grc' dir='ltr'><strong><em>περιθεὶς,</em></strong></span> <span class='ocrx_word' id='word_1_19' title='bbox 288 565 403 643; x_wconf 79' lang='grc' dir='ltr'><strong><em>ἔταξεν</em></strong></span> <span class='ocrx_word' id='word_1_20' title='bbox 416 563 472 630; x_wconf 76' lang='grc' dir='ltr'><strong><em>ἐπὶ</em></strong></span> <span class='ocrx_word' id='word_1_21' title='bbox 486 558 523 629; x_wconf 84' lang='grc' dir='ltr'><strong><em>τό</em></strong></span> <span class='ocrx_word' id='word_1_22' title='bbox 538 559 652 644; x_wconf 85' lang='grc' dir='ltr'><strong><em>δεξιόν·</em></strong></span> <span class='ocrx_word' id='word_1_23' title='bbox 663 561 774 650; x_wconf 76' lang='grc' dir='ltr'><strong><em>κέρας,</em></strong></span> <span class='ocrx_word' id='word_1_24' title='bbox 789 562 850 631; x_wconf 77' lang='grc' dir='ltr'><strong><em>καί</em></strong></span> <span class='ocrx_word' id='word_1_25' title='bbox 867 586 955 652; x_wconf 81' lang='grc' dir='ltr'><strong><em>προσ</em></strong></span> 
     </span>
     <span class='ocr_line' id='line_1_5' title="bbox 101 655 912 758; baseline 0.001 -27"><span class='ocrx_word' id='word_1_26' title='bbox 101 661 166 733; x_wconf 85' lang='grc' dir='ltr'><strong><em>άπὸ</em></strong></span> <span class='ocrx_word' id='word_1_27' title='bbox 179 663 301 752; x_wconf 78' lang='grc' dir='ltr'><strong><em>ταύτης</em></strong></span> <span class='ocrx_word' id='word_1_28' title='bbox 313 655 392 752; x_wconf 88' lang='grc' dir='ltr'><strong><em>άραι</em></strong></span> <span class='ocrx_word' id='word_1_29' title='bbox 406 662 443 733; x_wconf 87' lang='grc' dir='ltr'><strong><em>τό</em></strong></span> <span class='ocrx_word' id='word_1_30' title='bbox 458 677 596 751; x_wconf 81' lang='grc' dir='ltr'><strong><em>σημεῖον</em></strong></span> <span class='ocrx_word' id='word_1_31' title='bbox 608 666 655 756; x_wconf 78' lang='grc' dir='ltr'><strong><em>τῶ</em></strong></span> <span class='ocrx_word' id='word_1_32' title='bbox 668 665 769 732; x_wconf 73' lang='grc' dir='ltr'><strong><em>παντὶ</em></strong></span> <span class='ocrx_word' id='word_1_33' title='bbox 782 663 912 758; x_wconf 76' lang='grc' dir='ltr'><strong><em>στόλῳ.</em></strong></span> 
     </span>
     <span class='ocr_line' id='line_1_6' title="bbox 101 763 954 856; baseline 0.001 -22"><span class='ocrx_word' id='word_1_34' title='bbox 101 768 270 853; x_wconf 84' lang='grc' dir='ltr'><strong><em>πολέμιοι,</em></strong></span> <span class='ocrx_word' id='word_1_35' title='bbox 284 771 388 836; x_wconf 79' lang='grc' dir='ltr'><strong><em>ταῦτα</em></strong></span> <span class='ocrx_word' id='word_1_36' title='bbox 402 765 542 851; x_wconf 89' lang='grc' dir='ltr'><strong><em>ίδόντες,</em></strong></span> <span class='ocrx_word' id='word_1_37' title='bbox 556 763 628 836; x_wconf 85' lang='grc' dir='ltr'><strong><em>όσοι</em></strong></span> <span class='ocrx_word' id='word_1_38' title='bbox 641 763 700 845; x_wconf 89' lang='grc' dir='ltr'><strong><em>τάς</em></strong></span> <span class='ocrx_word' id='word_1_39' title='bbox 713 763 855 856; x_wconf 80' lang='grc' dir='ltr'><strong><em>ἀρίστας</em></strong></span> <span class='ocrx_word' id='word_1_40' title='bbox 870 771 954 847; x_wconf 80' lang='grc' dir='ltr'><strong><em>ναῦς</em></strong></span> 
     </span>
     <span class='ocr_line' id='line_1_7' title="bbox 101 864 954 958; baseline 0.001 -20"><span class='ocrx_word' id='word_1_41' title='bbox 101 866 230 949; x_wconf 74' lang='grc' dir='ltr'><strong><em>εὐθέως</em></strong></span> <span class='ocrx_word' id='word_1_42' title='bbox 243 871 297 938; x_wconf 78' lang='grc' dir='ltr'><strong><em>ἐπὶ</em></strong></span> <span class='ocrx_word' id='word_1_43' title='bbox 316 867 378 958; x_wconf 79' lang='grc' dir='ltr'><strong><em>τὴν</em></strong></span> <span class='ocrx_word' id='word_1_44' title='bbox 394 874 598 958; x_wconf 78' lang='grc' dir='ltr'><strong><em>στρατηγίδα</em></strong></span> <span class='ocrx_word' id='word_1_45' title='bbox 618 864 796 957; x_wconf 85' lang='grc' dir='ltr'><strong><em>ῶρμησαν·</em></strong></span> <span class='ocrx_word' id='word_1_46' title='bbox 821 869 954 939; x_wconf 83' lang='grc' dir='ltr'><strong><em>Κόνων</em></strong></span> 
     </span>
     <span class='ocr_line' id='line_1_8' title="bbox 100 969 948 1067; baseline 0 -26"><span class='ocrx_word' id='word_1_47' title='bbox 100 977 207 1066; x_wconf 73' lang='grc' dir='ltr'><strong><em>λοιπῷ</em></strong></span> <span class='ocrx_word' id='word_1_48' title='bbox 227 970 334 1067; x_wconf 85' lang='grc' dir='ltr'><strong><em>στόλφ</em></strong></span> <span class='ocrx_word' id='word_1_49' title='bbox 352 970 571 1061; x_wconf 87' lang='grc' dir='ltr'><strong><em>προσπεσῶν,</em></strong></span> <span class='ocrx_word' id='word_1_50' title='bbox 592 969 651 1052; x_wconf 88' lang='grc' dir='ltr'><strong><em>τάς</em></strong></span> <span class='ocrx_word' id='word_1_51' title='bbox 670 971 733 1060; x_wconf 71' lang='grc' dir='ltr'><strong><em>μὲν</em></strong></span> <span class='ocrx_word' id='word_1_52' title='bbox 750 973 948 1059; x_wconf 72' lang='grc' dir='ltr'><strong><em>κατέδυσε,</em></strong></span> 
     </span>
     <span class='ocr_line' id='line_1_9' title="bbox 101 1077 361 1156; baseline 0 -13"><span class='ocrx_word' id='word_1_53' title='bbox 101 1077 313 1156; x_wconf 80' lang='grc' dir='ltr'><strong><em>κατεδίωξεν.</em></strong></span> <span class='ocrx_word' id='word_1_54' title='bbox 357 1096 361 1103; x_wconf 86' lang='grc'>’</span> 
     </span>
    </p>
   </div>
   <div class='ocr_carea' id='block_1_4' title="bbox 456 1250 778 1313">
    <p class='ocr_par' dir='ltr' id='par_1_4' title="bbox 456 1250 778 1313">
     <span class='ocr_line' id='line_1_10' title="bbox 456 1250 778 1313; baseline 0.012 -6"><span class='ocrx_word' id='word_1_55' title='bbox 456 1252 500 1310; x_wconf 76' lang='lat'><strong><em>4⁰.</em></strong></span> <span class='ocrx_word' id='word_1_56' title='bbox 520 1250 708 1313; x_wconf 76' lang='grc' dir='ltr'><strong>ΞΕΝΟΦΩΝ.</strong></span> <span class='ocrx_word' id='word_1_57' title='bbox 775 1276 778 1280; x_wconf 85' lang='grc'>’</span> 
     </span>
    </p>
   </div>
   <div class='ocr_carea' id='block_1_5' title="bbox 14 1396 953 3335">
    <p class='ocr_par' dir='ltr' id='par_1_5' title="bbox 69 1396 953 1999">
     <span class='ocr_line' id='line_1_11' title="bbox 69 1396 953 1488; baseline 0.002 -24"><span class='ocrx_word' id='word_1_58' title='bbox 69 1426 81 1476; x_wconf 95' lang='lat' dir='ltr'>l</span> <span class='ocrx_word' id='word_1_59' title='bbox 177 1399 340 1485; x_wconf 75' lang='grc' dir='ltr'><strong><em>Ξενοφῶν</em></strong></span> <span class='ocrx_word' id='word_1_60' title='bbox 365 1398 512 1485; x_wconf 77' lang='grc' dir='ltr'><strong><em>ἐπανῆγε</em></strong></span> <span class='ocrx_word' id='word_1_61' title='bbox 535 1396 613 1478; x_wconf 88' lang='grc' dir='ltr'><strong><em>τούς</em></strong></span> <span class='ocrx_word' id='word_1_62' title='bbox 628 1402 781 1488; x_wconf 87' lang='grc' dir='ltr'><strong><em>μυρίους.</em></strong></span> <span class='ocrx_word' id='word_1_63' title='bbox 822 1403 906 1469; x_wconf 88' lang='grc' dir='ltr'><strong><em>Τῶν</em></strong></span> <span class='ocrx_word' id='word_1_64' title='bbox 920 1424 953 1469; x_wconf 76' lang='grc' dir='ltr'><strong><em>πι</em></strong></span> 
     </span>
     <span class='ocr_line' id='line_1_12' title="bbox 101 1499 953 1590; baseline 0.004 -23"><span class='ocrx_word' id='word_1_65' title='bbox 101 1500 273 1588; x_wconf 81' lang='grc' dir='ltr'><strong><em>σαφὲρνην</em></strong></span> <span class='ocrx_word' id='word_1_66' title='bbox 283 1501 412 1569; x_wconf 76' lang='grc' dir='ltr'><strong><em>ἱππίων</em></strong></span> <span class='ocrx_word' id='word_1_67' title='bbox 422 1500 653 1587; x_wconf 78' lang='grc' dir='ltr'><strong><em>ἐνοχλούντων</em></strong></span> <span class='ocrx_word' id='word_1_68' title='bbox 662 1499 953 1590; x_wconf 84' lang='grc' dir='ltr'><strong><em>τάσκευοφόρα,γ</em></strong></span> 
     </span>
     <span class='ocr_line' id='line_1_13' title="bbox 101 1598 948 1693; baseline 0 -22"><span class='ocrx_word' id='word_1_69' title='bbox 101 1599 264 1692; x_wconf 77' lang='grc' dir='ltr'><strong><em>ἠγόρευσε</em></strong></span> <span class='ocrx_word' id='word_1_70' title='bbox 284 1600 342 1682; x_wconf 89' lang='grc' dir='ltr'><strong><em>τάς</em></strong></span> <span class='ocrx_word' id='word_1_71' title='bbox 360 1603 422 1690; x_wconf 73' lang='grc' dir='ltr'><strong><em>μὲν</em></strong></span> <span class='ocrx_word' id='word_1_72' title='bbox 435 1598 562 1690; x_wconf 87' lang='grc' dir='ltr'><strong><em>άμάξοις</em></strong></span> <span class='ocrx_word' id='word_1_73' title='bbox 580 1604 637 1673; x_wconf 81' lang='grc' dir='ltr'><strong><em>καί</em></strong></span> <span class='ocrx_word' id='word_1_74' title='bbox 658 1602 699 1674; x_wconf 88' lang='grc' dir='ltr'><strong><em>τά</em></strong></span> <span class='ocrx_word' id='word_1_75' title='bbox 713 1601 854 1693; x_wconf 86' lang='grc' dir='ltr'><strong><em>περιττά</em></strong></span> <span class='ocrx_word' id='word_1_76' title='bbox 875 1610 948 1692; x_wconf 79' lang='grc' dir='ltr'><strong><em>τῆς</em></strong></span> 
     </span>
     <span class='ocr_line' id='line_1_14' title="bbox 102 1701 952 1796; baseline 0.004 -23"><span class='ocrx_word' id='word_1_77' title='bbox 102 1710 330 1789; x_wconf 80' lang='grc' dir='ltr'><strong><em>[κατακαῦσαι]</em></strong></span> <span class='ocrx_word' id='word_1_78' title='bbox 341 1715 400 1790; x_wconf 83' lang='grc'><strong><em>**,</em></strong></span> <span class='ocrx_word' id='word_1_79' title='bbox 415 1701 505 1786; x_wconf 82' lang='grc' dir='ltr'><strong><em>ὅπως</em></strong></span> <span class='ocrx_word' id='word_1_80' title='bbox 518 1704 563 1796; x_wconf 79' lang='grc' dir='ltr'><strong><em>μὴ</em></strong></span> <span class='ocrx_word' id='word_1_81' title='bbox 576 1714 756 1795; x_wconf 84' lang='grc' dir='ltr'><strong><em>συμβαίνοι</em></strong></span> <span class='ocrx_word' id='word_1_82' title='bbox 764 1703 952 1796; x_wconf 79' lang='grc' dir='ltr'><strong><em>τολςἝλλη</em></strong></span> 
     </span>
     <span class='ocr_line' id='line_1_15' title="bbox 101 1808 952 1895; baseline 0.005 -19"><span class='ocrx_word' id='word_1_83' title='bbox 101 1814 205 1876; x_wconf 86' lang='grc' dir='ltr'><strong><em>ταῦτα</em></strong></span> <span class='ocrx_word' id='word_1_84' title='bbox 229 1810 427 1895; x_wconf 80' lang='grc' dir='ltr'><strong><em>μαχομένοις</em></strong></span> <span class='ocrx_word' id='word_1_85' title='bbox 452 1813 616 1878; x_wconf 88' lang='grc' dir='ltr'><strong><em>τελευτάν</em></strong></span> <span class='ocrx_word' id='word_1_86' title='bbox 629 1811 686 1880; x_wconf 79' lang='grc' dir='ltr'><strong><em>καὶ</em></strong></span> <span class='ocrx_word' id='word_1_87' title='bbox 712 1808 914 1885; x_wconf 75' lang='grc' dir='ltr'><strong><em>κωλύεσθαι</em></strong></span> <span class='ocrx_word' id='word_1_88' title='bbox 938 1839 952 1880; x_wconf 84' lang='grc' dir='ltr'><strong><em>τ</em></strong></span> 
     </span>
     <span class='ocr_line' id='line_1_16' title="bbox 103 1913 361 1999; baseline 0.004 -19"><span class='ocrx_word' id='word_1_89' title='bbox 103 1913 187 1999; x_wconf 82' lang='grc' dir='ltr'><strong><em>τέρω</em></strong></span> <span class='ocrx_word' id='word_1_90' title='bbox 202 1915 361 1996; x_wconf 79' lang='grc' dir='ltr'><strong><em>βαδίζειν.</em></strong></span> 
     </span>
    </p>

    <p class='ocr_par' dir='ltr' id='par_1_6' title="bbox 68 2009 952 2615">
     <span class='ocr_line' id='line_1_17' title="bbox 68 2009 952 2103; baseline 0.002 -23"><span class='ocrx_word' id='word_1_91' title='bbox 68 2034 85 2085; x_wconf 76' lang='lat'><strong>2</strong></span> <span class='ocrx_word' id='word_1_92' title='bbox 178 2014 358 2100; x_wconf 88' lang='grc' dir='ltr'><strong><em>Ξενοφῶν,</em></strong></span> <span class='ocrx_word' id='word_1_93' title='bbox 373 2019 441 2083; x_wconf 91' lang='grc' dir='ltr'><strong><em>τῶν</em></strong></span> <span class='ocrx_word' id='word_1_94' title='bbox 458 2013 643 2103; x_wconf 81' lang='grc' dir='ltr'><strong><em>βαρβάρων</em></strong></span> <span class='ocrx_word' id='word_1_95' title='bbox 657 2010 742 2083; x_wconf 90' lang='grc' dir='ltr'><strong><em>κατά</em></strong></span> <span class='ocrx_word' id='word_1_96' title='bbox 760 2009 823 2102; x_wconf 82' lang='grc' dir='ltr'><strong><em>τὴν</em></strong></span> <span class='ocrx_word' id='word_1_97' title='bbox 836 2021 952 2102; x_wconf 87' lang='grc' dir='ltr'><strong><em>πορείι</em></strong></span> 
     </span>
     <span class='ocr_line' id='line_1_18' title="bbox 102 2113 952 2206; baseline -0.004 -23"><span class='ocrx_word' id='word_1_98' title='bbox 102 2117 283 2202; x_wconf 82' lang='grc' dir='ltr'><strong><em>κειμένων,</em></strong></span> <span class='ocrx_word' id='word_1_99' title='bbox 304 2115 402 2198; x_wconf 79' lang='grc' dir='ltr'><strong><em>τάξας</em></strong></span> <span class='ocrx_word' id='word_1_100' title='bbox 422 2113 633 2206; x_wconf 82' lang='grc' dir='ltr'><strong><em>ἀμφίστομον</em></strong></span> <span class='ocrx_word' id='word_1_101' title='bbox 655 2115 718 2205; x_wconf 81' lang='grc' dir='ltr'><strong><em>τὴν</em></strong></span> <span class='ocrx_word' id='word_1_102' title='bbox 738 2114 916 2205; x_wconf 85' lang='grc' dir='ltr'><strong><em>φάλαγγα,</em></strong></span> <span class='ocrx_word' id='word_1_103' title='bbox 948 2126 952 2180; x_wconf 75' lang='grc' dir='ltr'><strong><em>ι’</em></strong></span> 
     </span>
     <span class='ocr_line' id='line_1_19' title="bbox 101 2214 948 2308; baseline 0.006 -24"><span class='ocrx_word' id='word_1_104' title='bbox 101 2214 267 2304; x_wconf 85' lang='grc' dir='ltr'><strong><em>άναγκαία</em></strong></span> <span class='ocrx_word' id='word_1_105' title='bbox 288 2223 478 2308; x_wconf 89' lang='grc' dir='ltr'><strong><em>σκευοφόρα</em></strong></span> <span class='ocrx_word' id='word_1_106' title='bbox 498 2218 614 2307; x_wconf 85' lang='grc' dir='ltr'><strong><em>λοβῶν</em></strong></span> <span class='ocrx_word' id='word_1_107' title='bbox 631 2217 725 2300; x_wconf 77' lang='grc' dir='ltr'><strong><em>ἐντός</em></strong></span> <span class='ocrx_word' id='word_1_108' title='bbox 746 2217 948 2307; x_wconf 79' lang='grc' dir='ltr'><strong><em>ἐπορεύετο,</em></strong></span> 
     </span>
     <span class='ocr_line' id='line_1_20' title="bbox 101 2318 951 2410; baseline 0.001 -23"><span class='ocrx_word' id='word_1_109' title='bbox 101 2319 223 2408; x_wconf 81' lang='grc' dir='ltr'><strong><em>στήσας</em></strong></span> <span class='ocrx_word' id='word_1_110' title='bbox 243 2322 298 2390; x_wconf 81' lang='grc' dir='ltr'><strong><em>ἐπὶ</em></strong></span> <span class='ocrx_word' id='word_1_111' title='bbox 317 2327 375 2410; x_wconf 76' lang='grc' dir='ltr'><strong><em>τῆς</em></strong></span> <span class='ocrx_word' id='word_1_112' title='bbox 387 2319 548 2410; x_wconf 89' lang='grc' dir='ltr'><strong><em>ούραγίας</em></strong></span> <span class='ocrx_word' id='word_1_113' title='bbox 562 2326 689 2408; x_wconf 85' lang='grc' dir='ltr'><strong><em>ίππείς,</em></strong></span> <span class='ocrx_word' id='word_1_114' title='bbox 711 2318 927 2407; x_wconf 83' lang='grc' dir='ltr'><strong><em>ἀκοντιστάς,</em></strong></span> <span class='ocrx_word' id='word_1_115' title='bbox 949 2358 951 2388; x_wconf 64' lang='grc' dir='ltr'><strong><em>ι</em></strong></span> 
     </span>
     <span class='ocr_line' id='line_1_21' title="bbox 101 2422 951 2515; baseline 0.002 -24"><span class='ocrx_word' id='word_1_116' title='bbox 101 2423 196 2502; x_wconf 86' lang='grc' dir='ltr'><strong><em>στάς·</em></strong></span> <span class='ocrx_word' id='word_1_117' title='bbox 231 2429 265 2491; x_wconf 81' lang='grc' dir='ltr'><strong><em>οδ</em></strong></span> <span class='ocrx_word' id='word_1_118' title='bbox 288 2422 366 2504; x_wconf 85' lang='grc' dir='ltr'><strong><em>τούς</em></strong></span> <span class='ocrx_word' id='word_1_119' title='bbox 397 2431 667 2515; x_wconf 86' lang='grc' dir='ltr'><strong><em>προσπίπτοντας</em></strong></span> <span class='ocrx_word' id='word_1_120' title='bbox 693 2428 762 2494; x_wconf 91' lang='grc' dir='ltr'><strong><em>τῶν</em></strong></span> <span class='ocrx_word' id='word_1_121' title='bbox 779 2422 951 2514; x_wconf 67' lang='grc' dir='ltr'><strong><em>βαρβάρωΔ</em></strong></span> 
     </span>
     <span class='ocr_line' id='line_1_22' title="bbox 103 2524 274 2615; baseline -0.012 -21"><span class='ocrx_word' id='word_1_122' title='bbox 103 2524 274 2615; x_wconf 90' lang='grc' dir='ltr'><strong><em>κρούοντο.</em></strong></span> 
     </span>
    </p>

    <p class='ocr_par' dir='ltr' id='par_1_7' title="bbox 69 2626 951 2819">
     <span class='ocr_line' id='line_1_23' title="bbox 69 2626 951 2717; baseline 0.005 -23"><span class='ocrx_word' id='word_1_123' title='bbox 69 2656 86 2708; x_wconf 83' lang='lat'><strong>3</strong></span> <span class='ocrx_word' id='word_1_124' title='bbox 178 2631 360 2715; x_wconf 75' lang='grc' dir='ltr'><strong><em>Ξενοφῶν,</em></strong></span> <span class='ocrx_word' id='word_1_125' title='bbox 373 2632 441 2697; x_wconf 90' lang='grc' dir='ltr'><strong><em>τῶν</em></strong></span> <span class='ocrx_word' id='word_1_126' title='bbox 454 2626 951 2717; x_wconf 79' lang='grc' dir='ltr'><strong><em>βαρβάρωνπροκαταλαβόντε</em></strong></span> 
     </span>
     <span class='ocr_line' id='line_1_24' title="bbox 103 2720 951 2819; baseline 0.005 -22"><span class='ocrx_word' id='word_1_127' title='bbox 103 2727 164 2798; x_wconf 89' lang='grc' dir='ltr'><strong><em>νδν</em></strong></span> <span class='ocrx_word' id='word_1_128' title='bbox 177 2727 290 2814; x_wconf 91' lang='grc' dir='ltr'><strong><em>τόπον,</em></strong></span> <span class='ocrx_word' id='word_1_129' title='bbox 304 2720 397 2818; x_wconf 77' lang='grc' dir='ltr'><strong><em>ᾖτδγν</em></strong></span> <span class='ocrx_word' id='word_1_130' title='bbox 405 2729 554 2818; x_wconf 90' lang='grc' dir='ltr'><strong><em>πάροδον</em></strong></span> <span class='ocrx_word' id='word_1_131' title='bbox 560 2728 746 2819; x_wconf 88' lang='grc' dir='ltr'><strong><em>άναγκαίον</em></strong></span> <span class='ocrx_word' id='word_1_132' title='bbox 753 2720 797 2818; x_wconf 79' lang='grc' dir='ltr'><strong><em>ἦν</em></strong></span> <span class='ocrx_word' id='word_1_133' title='bbox 815 2742 951 2801; x_wconf 78' lang='grc' dir='ltr'><strong><em>ποιεῖσθ</em></strong></span> 
     </span>
    </p>

    <p class='ocr_par' dir='ltr' id='par_1_8' title="bbox 14 2828 950 3335">
     <span class='ocr_line' id='line_1_25' title="bbox 14 2828 950 2927; baseline 0.003 -27"><span class='ocrx_word' id='word_1_134' title='bbox 14 2920 20 2927; x_wconf 37' lang='grc'><strong><em>,</em></strong></span> <span class='ocrx_word' id='word_1_135' title='bbox 91 2828 264 2920; x_wconf 82' lang='grc' dir='ltr'><strong><em>Ἕλλησιν,</em></strong></span> <span class='ocrx_word' id='word_1_136' title='bbox 286 2829 438 2903; x_wconf 86' lang='grc' dir='ltr'><strong><em>συνιδῶν</em></strong></span> <span class='ocrx_word' id='word_1_137' title='bbox 451 2830 517 2904; x_wconf 89' lang='grc' dir='ltr'><strong><em>άπό</em></strong></span> <span class='ocrx_word' id='word_1_138' title='bbox 530 2861 619 2913; x_wconf 92' lang='grc' dir='ltr'><strong><em>τινος</em></strong></span> <span class='ocrx_word' id='word_1_139' title='bbox 632 2832 731 2923; x_wconf 85' lang='grc' dir='ltr'><strong><em>ὅρους</em></strong></span> <span class='ocrx_word' id='word_1_140' title='bbox 745 2837 872 2921; x_wconf 81' lang='grc' dir='ltr'><strong><em>ἔφοδον</em></strong></span> <span class='ocrx_word' id='word_1_141' title='bbox 893 2829 950 2903; x_wconf 83' lang='grc' dir='ltr'><strong><em>όντ</em></strong></span> 
     </span>
     <span class='ocr_line' id='line_1_26' title="bbox 100 2922 950 3026; baseline 0.001 -23"><span class='ocrx_word' id='word_1_142' title='bbox 100 2922 287 3023; x_wconf 73' lang='grc' dir='ltr'><strong><em>τδνλόφον,</em></strong></span> <span class='ocrx_word' id='word_1_143' title='bbox 302 2931 353 3021; x_wconf 78' lang='grc' dir='ltr'><strong><em>ἐφ’</em></strong></span> <span class='ocrx_word' id='word_1_144' title='bbox 368 2925 410 3004; x_wconf 85' lang='grc' dir='ltr'><strong><em>οὗ</em></strong></span> <span class='ocrx_word' id='word_1_145' title='bbox 423 2934 484 3024; x_wconf 81' lang='grc' dir='ltr'><strong><em>τὴν</em></strong></span> <span class='ocrx_word' id='word_1_146' title='bbox 498 2934 656 3026; x_wconf 80' lang='grc' dir='ltr'><strong><em>φυλακὴν</em></strong></span> <span class='ocrx_word' id='word_1_147' title='bbox 671 2935 761 3024; x_wconf 82' lang='grc' dir='ltr'><strong><em>εἶχον</em></strong></span> <span class='ocrx_word' id='word_1_148' title='bbox 770 2941 806 3005; x_wconf 80' lang='grc' dir='ltr'><strong><em>οδ</em></strong></span> <span class='ocrx_word' id='word_1_149' title='bbox 816 2934 950 3025; x_wconf 83' lang='grc' dir='ltr'><strong><em>βάρβαρ</em></strong></span> 
     </span>
     <span class='ocr_line' id='line_1_27' title="bbox 102 3034 950 3133; baseline 0 -27"><span class='ocrx_word' id='word_1_150' title='bbox 102 3037 259 3126; x_wconf 83' lang='grc' dir='ltr'><strong><em>ραλαβῶν</em></strong></span> <span class='ocrx_word' id='word_1_151' title='bbox 271 3034 433 3125; x_wconf 75' lang='grc' dir='ltr'><strong><em>’Έλληνας</em></strong></span> <span class='ocrx_word' id='word_1_152' title='bbox 451 3035 551 3120; x_wconf 85' lang='grc' dir='ltr'><strong><em>όσονς</em></strong></span> <span class='ocrx_word' id='word_1_153' title='bbox 564 3035 803 3133; x_wconf 73' lang='grc' dir='ltr'><strong><em>ὑπελάμβανεν</em></strong></span> <span class='ocrx_word' id='word_1_154' title='bbox 817 3037 950 3119; x_wconf 74' lang='grc' dir='ltr'><strong><em>ἱκανούς</em></strong></span> 
     </span>
     <span class='ocr_line' id='line_1_28' title="bbox 102 3136 945 3230; baseline 0.002 -22"><span class='ocrx_word' id='word_1_155' title='bbox 102 3136 164 3225; x_wconf 81' lang='grc' dir='ltr'><strong><em>τὴν</em></strong></span> <span class='ocrx_word' id='word_1_156' title='bbox 179 3148 319 3230; x_wconf 89' lang='grc' dir='ltr'><strong><em>πορείαν</em></strong></span> <span class='ocrx_word' id='word_1_157' title='bbox 337 3142 503 3211; x_wconf 78' lang='grc' dir='ltr'><strong><em>ἐπὶτοῦτο</em></strong></span> <span class='ocrx_word' id='word_1_158' title='bbox 517 3146 677 3229; x_wconf 81' lang='grc' dir='ltr'><strong><em>ἐποιεῖτο,</em></strong></span> <span class='ocrx_word' id='word_1_159' title='bbox 696 3138 781 3210; x_wconf 88' lang='grc' dir='ltr'><strong><em>κατά</em></strong></span> <span class='ocrx_word' id='word_1_160' title='bbox 794 3147 945 3229; x_wconf 80' lang='grc' dir='ltr'><strong><em>κεφαλῆς</em></strong></span> 
     </span>
     <span class='ocr_line' id='line_1_29' title="bbox 102 3242 949 3335; baseline 0.002 -25"><span class='ocrx_word' id='word_1_161' title='bbox 102 3242 306 3331; x_wconf 85' lang='grc' dir='ltr'><strong><em>βουλόμενος</em></strong></span> <span class='ocrx_word' id='word_1_162' title='bbox 326 3245 497 3331; x_wconf 77' lang='grc' dir='ltr'><strong><em>γενέσθαι.</em></strong></span> <span class='ocrx_word' id='word_1_163' title='bbox 533 3250 580 3314; x_wconf 67' lang='lat' dir='ltr'><strong><em>Os</em></strong></span> <span class='ocrx_word' id='word_1_164' title='bbox 600 3246 663 3335; x_wconf 66' lang='grc' dir='ltr'><strong><em>μὲν</em></strong></span> <span class='ocrx_word' id='word_1_165' title='bbox 684 3244 848 3334; x_wconf 82' lang='grc' dir='ltr'><strong><em>βάρβαροι</em></strong></span> <span class='ocrx_word' id='word_1_166' title='bbox 868 3243 949 3325; x_wconf 83' lang='grc' dir='ltr'><strong><em>τούς</em></strong></span> 
     </span>
    </p>
   </div>
   <div class='ocr_carea' id='block_1_6' title="bbox 103 3376 334 3388">
    <p class='ocr_par' dir='ltr' id='par_1_9' title="bbox 103 3376 334 3388">
     <span class='ocr_line' id='line_1_30' title="bbox 103 3376 334 3388; baseline 0.009 -2"><span class='ocrx_word' id='word_1_167' title='bbox 103 3376 334 3388; x_wconf 60' lang='lat' dir='ltr'><strong><em>—t———uu-</em></strong></span> 
     </span>
    </p>
   </div>
   <div class='ocr_carea' id='block_1_7' title="bbox 172 3425 949 3633">
    <p class='ocr_par' dir='ltr' id='par_1_10' title="bbox 172 3425 949 3633">
     <span class='ocr_line' id='line_1_31' title="bbox 173 3425 878 3492; baseline 0.001 -19"><span class='ocrx_word' id='word_1_168' title='bbox 173 3425 240 3489; x_wconf 81' lang='lat' dir='ltr'>Cap.</span> <span class='ocrx_word' id='word_1_169' title='bbox 256 3425 299 3474; x_wconf 79' lang='lat'><strong><em>49.</em></strong></span> <span class='ocrx_word' id='word_1_170' title='bbox 337 3430 360 3488; x_wconf 64' lang='grc' dir='ltr'><strong><em>ξ,</em></strong></span> <span class='ocrx_word' id='word_1_171' title='bbox 380 3427 403 3477; x_wconf 94' lang='grc'><strong><em>1.</em></strong></span> <span class='ocrx_word' id='word_1_172' title='bbox 439 3429 482 3477; x_wconf 83' lang='lat' dir='ltr'><strong><em>Ex</em></strong></span> <span class='ocrx_word' id='word_1_173' title='bbox 497 3426 619 3492; x_wconf 83' lang='lat' dir='ltr'>Xenoph.</span> <span class='ocrx_word' id='word_1_174' title='bbox 635 3427 721 3478; x_wconf 83' lang='lat' dir='ltr'><strong>Anab.</strong></span> <span class='ocrx_word' id='word_1_175' title='bbox 739 3425 771 3489; x_wconf 83' lang='lat'><strong><em>3,</em></strong></span> <span class='ocrx_word' id='word_1_176' title='bbox 784 3426 816 3487; x_wconf 84' lang='lat'><strong><em>2,</em></strong></span> <span class='ocrx_word' id='word_1_177' title='bbox 834 3427 878 3475; x_wconf 83' lang='lat'><strong><em>27.</em></strong></span> 
     </span>
     <span class='ocr_line' id='line_1_32' title="bbox 172 3493 949 3560; baseline 0.003 -17"><span class='ocrx_word' id='word_1_178' title='bbox 172 3493 238 3559; x_wconf 80' lang='lat' dir='ltr'>Gap.</span> <span class='ocrx_word' id='word_1_179' title='bbox 258 3493 300 3546; x_wconf 80' lang='lat'><strong><em>49.</em></strong></span> <span class='ocrx_word' id='word_1_180' title='bbox 339 3494 363 3556; x_wconf 68' lang='grc' dir='ltr'><strong><em>ξ.</em></strong></span> <span class='ocrx_word' id='word_1_181' title='bbox 383 3497 408 3547; x_wconf 80' lang='lat'><strong><em>2.</em></strong></span> <span class='ocrx_word' id='word_1_182' title='bbox 444 3498 486 3545; x_wconf 83' lang='lat' dir='ltr'><strong><em>Ex</em></strong></span> <span class='ocrx_word' id='word_1_183' title='bbox 504 3494 949 3560; x_wconf 76' lang='lat' dir='ltr'><strong>Xenoph.Anab.3‚3,lssseq</strong></span> 
     </span>
     <span class='ocr_line' id='line_1_33' title="bbox 173 3563 949 3633; baseline 0.001 -20"><span class='ocrx_word' id='word_1_184' title='bbox 173 3563 239 3630; x_wconf 82' lang='lat' dir='ltr'>Cap.</span> <span class='ocrx_word' id='word_1_185' title='bbox 256 3563 301 3616; x_wconf 80' lang='lat'><strong><em>49.</em></strong></span> <span class='ocrx_word' id='word_1_186' title='bbox 338 3566 363 3626; x_wconf 69' lang='grc' dir='ltr'><strong><em>ξ.</em></strong></span> <span class='ocrx_word' id='word_1_187' title='bbox 382 3564 408 3617; x_wconf 89' lang='lat'><strong><em>3.</em></strong></span> <span class='ocrx_word' id='word_1_188' title='bbox 443 3565 486 3616; x_wconf 84' lang='lat' dir='ltr'><strong><em>Ex</em></strong></span> <span class='ocrx_word' id='word_1_189' title='bbox 501 3565 624 3633; x_wconf 85' lang='lat' dir='ltr'><strong>Xenoph.</strong></span> <span class='ocrx_word' id='word_1_190' title='bbox 643 3564 732 3617; x_wconf 79' lang='lat' dir='ltr'><strong>Anah.</strong></span> <span class='ocrx_word' id='word_1_191' title='bbox 751 3563 822 3630; x_wconf 79' lang='lat'><strong><em>3,4‚</em></strong></span> <span class='ocrx_word' id='word_1_192' title='bbox 840 3563 873 3614; x_wconf 78' lang='lat'><strong><em>37</em></strong></span> <span class='ocrx_word' id='word_1_193' title='bbox 891 3579 949 3630; x_wconf 74' lang='lat' dir='ltr'>uoq.</span> 
     </span>
    </p>
   </div>
   <div class='ocr_carea' id='block_1_8' title="bbox 0 0 1164 3892">
    <p class='ocr_par' dir='ltr' id='par_1_11' title="bbox 0 0 1164 3892">
     <span class='ocr_line' id='line_1_34' title="bbox 0 0 1164 3892; baseline 0 0"><span class='ocrx_word' id='word_1_194' title='bbox 0 0 1164 3892; x_wconf 95' lang='lat' dir='ltr'><strong><em> </em></strong></span> 
     </span>
    </p>
   </div>
  </div>
 </body>
</html>
