2318 3892
115 201 155 260 ει
313 174 318 191 ‘
505 200 691 261 οιοπιοα

112 369 305 458 Ἀγησίλαος
325 366 551 461 ἀυεβόησεν,“
552 361 676 452 Οὗτος
694 374 752 460 τῆς
775 366 917 463 ἀλκῆς
900 402 921 444 ο
942 367 1077 493 καιρόό,

117 473 173 542 καὶ
194 470 250 541 διά
270 479 331 542 τού
349 475 509 564 στόματος
535 471 742 564 έξεόρμησεν,
762 472 840 544 κατ’
866 472 1041 565 όλίγονς”
1012 506 1049 549 τι
1071 460 1091 539 Η

118 573 323 663 πολεμίων’
310 605 348 645 ευ
367 583 408 666 τῇ
431 577 601 664 στενότητι
618 576 797 665 φονεύων,
818 578 939 647 καί
903 608 944 651 το
957 589 1050 672 περιβ-
1078 602 1091 641 λ

118 682 285 768 βλημένου
306 693 413 767 τείχος
434 686 542 768 ἔρυμα
556 686 644 781 έχων
657 676 740 769 πρὸς
752 676 793 749 τδ
806 680 1049 773 κυκλωδῇυιιρΙ
1084 685 1091 744 λ

119 781 298 852 δύνασθαι
1073 798 1091 847 .

66 894 101 948 23
192 883 385 973 Ἀγησίλαος
405 880 487 973 πρὸς
506 880 676 963 Βοιωτούς
696 883 923 973 παρετάξατο
949 879 1054 977 Ηνάρ

119 982 319 1078 φίρροπος“
302 1017 322 1075 η
343 993 438 1075 νίκη·
461 984 522 1068 νύξ
544 983 608 1075 γάρ
625 988 757 1056 διέλυσε
777 986 844 1076 τὴν
858 988 985 1080 μάχην.
1002 986 1055 1060 ‘06
1075 1052 1081 1067 .

119 1093 219 1180 μέσης
240 1087 361 1168 νυκτός
386 1086 465 1167 τούς
484 1088 701 1168 πιστοτάτους
721 1090 915 1180 διέπεμψε,
934 1094 1058 1173 κελεύσω

118 1189 177 1272 οὓς
191 1191 351 1260 δύναιντο
365 1199 529 1280 γνωρίσαι
542 1191 755 1282 Σπαρτιάτας
774 1192 947 1283 νεκρούς,
966 1194 1059 1287 ἀπειρη

118 1295 282 1382 σαμέυους
296 1292 392 1363 κόυιυ
406 1291 611 1384 ἀποκρύψαι.
648 1299 694 1363 Οί
703 1294 765 1383 μὲν
784 1300 892 1368 τούτο
908 1299 1061 1389 πράξοντες

118 1395 182 1486 πρὸ
196 1393 320 1486 ἡμέρας
334 1393 566 1487 ἀνεχώρησαν·
586 1400 622 1466 oc
631 1398 781 1486 πολέμιοι
797 1398 836 1468 δὲ
850 1395 986 1491 ἡμέρας
995 1430 1062 1491 γε»

118 1500 220 1589 μένης
244 1494 357 1568 αὑτων
393 1497 535 1590 νεκρούς
564 1498 693 1580 ίδόυτες
718 1497 874 1582 ἅπαντας
903 1506 1064 1595 κειμένοις

117 1601 196 1684 τούς
218 1601 255 1671 δέ
280 1606 350 1670 τόν
364 1606 588 1690 Σπαρτιατῶν
610 1598 761 1690 ὀλίγους,
784 1600 1003 1695 ἀδυμοικιιλ
1019 1614 1064 1679 διι·

118 1705 249 1795 λότεροι
274 1719 347 1785 ταῖς
373 1701 522 1793 γυάμαις
542 1700 714 1792 ἐγένοντο,
735 1701 780 1786 ἀς
800 1713 1067 1801 Λακεδαιμονίω

118 1807 180 1896 τὴν
193 1816 293 1897 νίκην
306 1804 462 1894 ἐχόντων.

67 1922 102 1975 24
191 1908 387 2034 Ἀγησίλαος
411 1907 478 1979 ἀπό
497 1914 555 1998 τῆς
567 1905 675 1990 Ἀσίας
689 1904 840 1983 ἐπανιόν
852 1911 917 1984 διά
928 1920 1069 2039 Βοιωτίρς

118 2009 314 2101 ἐπορεύετο
330 2020 472 2100 Θηβαῖοι
487 2011 775 2101 προκατελάβοντο
794 2011 837 2084 τά
855 2015 967 2088 στενά
981 2014 1027 2089 δι’
1039 2006 1070 2087 δι

118 2111 220 2203 ἐχρῆν
240 2113 457 2202 πορεύεσθαι.
488 2111 523 2182 0
545 2113 616 2184 δέ’
603 2113 810 2203 επιμηκύυας
831 2114 897 2205 τὴν
918 2119 1070 2209 φάλαγγι,

118 2208 201 2343 ἦγεν
215 2213 271 2286 ἐπὶ
285 2216 348 2286 δύο
361 2216 486 2302 τάξεις,
500 2224 726 2306 παραγγείλας
737 2245 895 2342 (γανερως
909 2216 1024 2313 ὁρμάν
1034 2220 1072 2293 ἒτλ

117 2319 179 2409 τὴν
194 2320 304 2389 πόλιν.
343 2327 501 2440 Θηβαῖοι,
525 2325 696 2401 δείσαντες
709 2349 754 2410 μη
742 2318 1060 2411 καταλάβοιντο
1029 2350 1071 2445 τιρ

120 2423 247 2513 Θήβας,
277 2425 339 2505 ἔξω
365 2427 424 2512 της
451 2421 627 2510 δυνάμεως
649 2420 767 2511 οὔσης,
794 2420 1069 2509 ἀπολιπόντες
1045 2454 1072 2496 τι

119 2524 239 2612 στενά,
262 2522 319 2594 διά
336 2525 456 2612 τάχους
478 2521 707 2613 ἀπαυηλθου’
693 2554 726 2606 ες
745 2522 809 2614 τὴν
820 2526 941 2597 πόλιν·
954 2527 1071 2621 Ἀγησί-

119 2636 198 2708 λαος
210 2625 279 2697 δὲ’
260 2633 419 2715 ασφαλως
432 2625 470 2696 τδ
482 2627 670 2717 στράτευμα
685 2624 933 2717 διεπόρευσεν.

68 2745 103 2798 25
191 2725 293 2817 Ἀγησ
294 2726 418 2809 ίλαος’
404 2757 437 2809 ες
451 2731 564 2818 Θήβας
579 2727 734 2818 ευέβαλε
742 2729 948 2853 Θηβαίου
911 2760 952 2804 το
966 2738 1072 2804 πεδίον

118 2829 366 2921 διετάφρευσαν
382 2829 476 2900 καλ’
458 2830 739 2923 απεχαράκωσαν·
762 2837 824 2902 τού
843 2835 1091 2965 χαρακοόματοςι

118 2937 329 3027 ἑκατέρωθεν
349 2934 411 3003 δύο
430 2935 571 3022 πάροδοι
590 2941 715 3005 στεναί.
756 2936 971 3025 Βουλόμενος
987 2937 1072 3027 Ἀγη-

118 3046 231 3119 σίλαος
256 3046 443 3128 παρελθεῖν
450 3088 460 3124 ,
487 3043 649 3107 πλινθίον
674 3036 773 3120 τάξας
798 3048 916 3109 κολλον
935 3046 1075 3130 προῆγεν

118 3144 173 3211 έπλ
193 3139 256 3229 τὴν
275 3141 426 3230 πάροδον
446 3136 508 3229 τὴν
529 3138 613 3209 κατά
635 3136 673 3208 τδ
698 3137 893 3229 εύύννμον,
921 3150 1075 3232 Θηβαίαν

117 3245 267 3314 έυταύθα
279 3243 417 3314 πάντων
435 3239 713 3332 ἀντιταξαμένων.
743 3239 833 3314 Ὁ
794 3244 833 3314 δ
852 3245 1075 3335 μεταβαλόμε-

116 3374 174 3428 νος
186 3341 247 3414 ἀπ’
263 3343 365 3434 ούράς
376 3343 482 3414 έπὶ
445 3372 508 3434 την
522 3347 638 3433 ἑτέραν
653 3344 820 3435 πάροδον,
843 3344 922 3427 τούς
945 3358 1074 3438 εἶργον
1086 3374 1091 3416 ι

115 3474 173 3530 τας
186 3446 249 3519 ούκ
263 3453 420 3536 έχονσαν,
445 3458 525 3518 εἴσω
539 3445 741 3536 παρελθων,
764 3447 826 3539 τὴν
844 3448 960 3541 χάραν
970 3448 1077 3540 τεμύν

115 3551 310 3643 ἐπανῆλθεν
323 3545 495 3632 ούδενὸς’
475 3548 700 3631 ἀντιστάντος.
