2318 3892
103 189 143 251 92
490 190 673 252 ΒΙΒΛΙΟΝ

103 361 234 448 ρεικοδς
254 366 398 451 χρυσοῦς
417 361 499 451 μετδ
517 378 629 451 χεῖρας
646 369 732 452 ἔχων
745 369 912 452 ἕφευγεν.
952 361 1006 434 ‘Im

107 475 306 551 Ταραντῖνοι
331 473 439 556 πολλῇ
463 473 595 560 σπουδῇ
623 469 801 547 διώκοντες
825 463 894 538 οὐκ
923 465 1006 538 ἆνίει

98 566 134 637 Ὁ
155 569 191 638 δὲ
211 565 284 636 κατ’
307 565 442 657 ὀλίγους
461 576 530 638 τῶν
558 575 724 659 δαρεικῶν
744 566 903 660 ἐρρίπτει
920 571 1005 641 κατὰ

102 668 200 741 ὁδοῦ·
217 675 252 740 οί
262 672 299 740 δδ
313 679 570 759 καταβαίνοντες
584 671 648 750 ἀπὸ
661 678 730 742 τοῖν
743 677 865 744 ἵππων
886 676 1006 746 συνέλι

101 772 138 843 τὸ
151 779 299 863 χρυσίου.
332 775 460 845 Τούτου
474 778 657 865 γενομένου
671 776 833 858 πολλάκις
846 773 868 868 ἡ
884 781 1003 862 δίωξις

104 876 312 963 διεκόπτετο,
333 880 489 970 Λαχάρης
512 878 549 949 δὲ
569 878 733 960 ἱππεύσας
753 886 920 969 ἔφθασεν
947 879 1006 963 ε’ςι

102 980 280 1061 Βοιωτούς.

68 1104 85 1154 2
179 1081 350 1172 Λαχάρης,
371 1089 530 1172 Θηβαίων
546 1078 797 1178 ἁλισκομένων,
820 1091 871 1165 είς
885 1081 1006 1166 τοδςδ

102 1187 226 1276 νόμους
239 1184 395 1273 καταδὺς,
409 1184 492 1276 μετδι
504 1182 621 1276 τρεῖςῆ
635 1189 791 1275 τέτταρας
800 1183 947 1278 ἡμέρας,
962 1191 1006 1276 (έσ

102 1296 178 1378 ρας)
192 1284 407 1377 ὑπεξελθών,
429 1296 476 1370 εἰς
494 1287 652 1379 Δελφοδς
676 1287 816 1378 ἀφίκετο
839 1289 1006 1362 κάκεῖθεν

103 1398 308 1480 Λυσίμαχον.

69 1510 86 1562 3
180 1495 352 1583 Λαχάρης,
381 1498 449 1564 τῶν
471 1501 641 1583 πολεμίων
659 1499 795 1583 Σηστοῦ
814 1495 1006 1585 κρατησάνι

102 1595 216 1685 ὀλίγας
237 1599 299 1687 μὲν
318 1594 442 1686 ἡμέρας
463 1594 500 1666 ἓν
519 1597 632 1690 λοίκκςο
653 1597 792 1686 διήγαγε
817 1606 1006 1670 καταδεδυι

103 1699 228 1790 τροφὰς
249 1699 363 1789 ὀλίγας
383 1706 484 1788 έχων,
513 1697 592 1772 ὅσον
607 1698 651 1790 μὴ
671 1692 888 1789 τελευτῆσαι·
914 1731 1006 1791 γυναι

103 1805 141 1875 δὲ
156 1802 304 1894 ἐκφορὰν
317 1810 444 1873 οἰκείου
458 1809 581 1895 νεκροῦ
596 1807 814 1892 ποιουμένης,
831 1800 870 1874 ἓν
892 1833 1006 1894 γυναι

103 1914 203 1999 στολῇ
228 1921 300 1986 ταῖς
324 1905 529 1988 πενθούσαις
555 1905 839 1997 ἀναμεμιγμένος,
871 1906 1006 1981 καλύπι

103 2017 188 2097 έχων
202 2013 363 2098 μέλαιναν
381 2005 522 2098 ἐξῆλθεν
542 2013 604 2092 ἔξω
625 2021 772 2099 τείχους,
787 2011 843 2080 καὶ
857 2011 1006 2096 νυκτὸς.

104 2116 284 2203 γενομένης
298 2108 331 2193 ἐς
343 2119 557 2201 Λυσιμαχίαν
571 2118 725 2202 διῆλθεν.

482 2291 508 2347 8.
528 2295 698 2349 ΑΡΧΙΝΟΣ.

173 2417 337 2509 Ἀρχῖνος,
368 2413 526 2505 Ἀργείων
554 2416 642 2488 ὅπλα
679 2420 894 2508 ποιουμένων
928 2425 1006 2509 δημι

105 2527 185 2592 πᾶσι
213 2537 282 2603 τοῖς
308 2529 478 2609 πολίταις,
512 2520 711 2612 ἐπιμελητὴς
735 2527 804 2591 τῶν
835 2524 1006 2612 έργαζομέτ

106 2623 337 2712 ἀποδειχθεὶς,
361 2623 479 2694 καινὸν
492 2622 599 2697 ὅπλον
620 2625 746 2718 ἑκάστῳ
760 2629 827 2694 των
849 2632 1003 2696 πολιτῶν

106 2729 197 2812 δοδς,
212 2727 248 2796 τδ
266 2726 603 2816 παλαιδνέλοὶμβανεν
618 2723 662 2807 ὣς
675 2726 860 2815 ἀναθήσων
873 2743 946 2809 τοῖς
960 2740 1006 2799 θε

104 2829 244 2919 καὶγὰρ
265 2827 371 2909 οὕτως
392 2821 435 2918 ἦν
456 2845 525 2909 τοῖς
540 2827 700 2917 ’Λργείοις
726 2830 944 2918 δεδογμένον.
984 2828 1006 2900 ’ί

74 2982 77 2991 1
106 2934 143 3004 δὲ
157 2932 197 3003 τδι
216 2930 341 3002 παλαιοὶ
364 2932 500 3002 πάντων
513 2930 599 3002 ὅπλα
613 2932 714 3020 μόνος
728 2930 907 3024 ἤθροισεν,
930 2929 1006 3003 ὁπλλ

105 3039 221 3118 ξένους
241 3038 297 3106 καὶ
322 3041 495 3125 μετοίκους
512 3037 568 3104 καλ
591 3032 729 3131 ἀτίμους
750 3037 807 3105 καί
832 3037 981 3125 πένητας

102 3137 263 3229 ’Λργείων
281 3144 466 3228 τυραννίδα
481 3142 651 3227 κατέσχεν.

458 3317 485 3374 δ.
505 3321 720 3372 ΙΦΙΚΡΑΤΗΣ.

74 3462 88 3511 1
179 3441 366 3533 Ἰφικράτης
392 3445 447 3514 ἐπὶ
472 3442 550 3525 τούς
572 3451 752 3534 πολεμίους
772 3448 898 3534 προῆγε
919 3440 1006 3533 τὴν

108 3555 236 3636 λαγγα·
254 3553 322 3616 των
334 3553 547 3637 στρατιωτῶν
563 3548 651 3630 τινὲς
663 3544 800 3636 ὀκνηροί
813 3550 872 3618 καὶ
887 3549 993 3618 δειλοὶ
