2318 3892
445 163 675 228 HEMHTON.
978 169 1040 231 205

67 359 149 422 τες·
171 335 190 410 ό
211 336 266 424 δέ,
292 342 361 407 τάν
382 344 595 428 στρατιωτῶν
610 341 723 428 ἑτοίμῃ
743 345 784 431 τῇ
797 337 903 434 ἀγορᾷ
916 365 1038 431 χρησα-

70 445 204 532 μόνων,
232 437 393 529 ἀναχθεὶς
420 438 541 511 αὐτίκα
568 441 633 510 σύν
659 446 805 525 τοξόταις
831 446 886 514 καὶ
904 443 1039 514 ἀκοντι-

70 560 169 626 σταῖς
191 545 337 614 ἐπὶτῶν
359 544 648 634 καταστρωμάτων
664 554 817 631 πολλοῖς,
840 546 1040 636 προσπεσόν

75 645 175 737 ἀφνω
198 662 267 726 τοῖς
286 643 477 737 Ἀθηναίοις
499 644 777 736 ἀναγκαζομένοις
807 648 955 730 ἀτάκτως
983 654 1039 720 καλ

75 748 159 841 μετὰ
177 748 331 838 θορύβου
350 761 521 819 ποιεῖσθαι
539 749 601 839 τήν
628 758 786 840 ἔμβασιν,
817 749 1039 842 ἀντιπρώροις

74 868 147 936 ταῖς
160 852 332 942 τριήρεσιν
346 852 502 941 ἐμβαλῶν
518 856 662 941 ἐνίκησε.

89 988 92 995 ·
157 961 385 1041 Τελεσίνικος,
413 953 479 1025 ἀπὸ
506 961 575 1025 τῶν
600 953 714 1024 αὐτῶν
734 961 883 1044 σημείων
902 952 1072 1045 ἀριστων

77 1060 289 1147 ποιουμένων
308 1064 377 1128 τῶν
395 1064 565 1146 πολεμίων
585 1061 641 1127 καὶ
655 1056 696 1127 τά
710 1057 809 1128 λοιπά
823 1059 1038 1147 πραττόντων

55 1154 216 1250 Ιιὅμοίως,
245 1164 425 1249 προσέταξε
452 1159 529 1240 τούς
552 1166 590 1231 ἐν
615 1177 688 1243 ταῖς
715 1158 841 1250 άριστα,
860 1162 1039 1242 πλεούσαις

55 1264 247 1354 Β-κριήρεσιν
275 1260 398 1345 αύτούς
418 1262 482 1352 πρὸ
502 1260 627 1353 ἡμέρας
648 1262 887 1353 ἀριστήσαντας
913 1265 1037 1354 ἐμβάν-

55 1370 64 1409 ¹
81 1392 132 1449 τας
145 1363 334 1456 ἡσυχάζειν.
365 1365 455 1436 Ἐπεὶ
471 1366 508 1436 δέ
528 1366 642 1455 καιρὸς
655 1365 793 1456 ἀρίστου
813 1372 941 1456 παρῆν,
956 1365 1040 1437 κατά

55 1466 113 1538 *τό
125 1478 207 1550 ἔθος
221 1469 397 1559 ἐσήμηνεν.
432 1475 477 1539 Οί
492 1470 555 1557 μὲν
570 1462 633 1539 οὖν
647 1475 685 1540 ἐν
699 1485 768 1549 τοῖς
782 1468 897 1550 άλλοις
910 1470 1039 1557 σκάφε-

55 1568 129 1644 Ρσιν
154 1571 450 1662 ἠριστοποιοῦντο,
473 1575 542 1655 [καὶ
569 1578 604 1642 οί
627 1575 779 1660 πολέμιοι
805 1578 914 1657 τοῦτο]
941 1595 1037 1642 συνι-

80 1676 192 1756 δόντες
207 1673 289 1764 πρὸς
309 1681 350 1764 τῇ
372 1681 568 1766 παρασκευῇ
588 1680 657 1745 τῶν
675 1683 791 1744 σιτίων
808 1667 904 1762 ἦσαν.
945 1681 991 1746 Οί
1002 1675 1039 1745 δέ

76 1786 143 1850 τῶν
169 1786 419 1866 Συρακουσίων
446 1777 752 1867 προεμβεβηκότες,
788 1779 844 1847 ἐπὶ
870 1775 911 1846 τά
936 1803 1038 1847 κατα·
1138 1824 1142 1831 -

55 1882 251 2009 στρωματα
259 1881 456 1970 ἐπιβάντες,
472 1881 733 1960 ἐπιπλεύσαντες
747 1876 871 1959 πολλάς
884 1883 1038 2006 διέφθει-

55 1950 139 2067 οαν
164 1982 313 2074 τριήρεις
331 1991 401 2055 τάν
421 1992 592 2074 πολεμίων
615 1981 751 2074 περὶ
712 2011 772 2065 τας
792 1980 918 2072 τροφάς
939 1980 1037 2124 ἀσχο

66 2090 263 2178 λανμένων.

407 2265 448 2322 33.
468 2267 705 2323 ΠΟΜΠΙΣΚΟΣ.

151 2399 348 2482 Πομπίσκος
364 2389 484 2482 Ἀρκάς
500 2390 552 2462 ἀεὶ
566 2387 844 2481 στρατοπεδεύων
856 2387 915 2471 τάς
928 2386 1039 2475 ὁδούς,
1058 2407 1073 2458 1

60 2494 132 2578 τάς
147 2497 202 2566 ἐπὶ
216 2493 254 2565 τό
267 2495 494 2586 στρατόπεδον
506 2493 668 2584 ἀγούσας,
688 2492 747 2575 τάς
760 2493 824 2582 μὲν
837 2490 1039 2578 ἀπέσκαπτε,

63 2596 133 2679 τὰς
153 2599 192 2670 δὲ
211 2596 444 2687 ἀπεχαράκου,
465 2597 581 2679 καιυάς
604 2597 642 2667 δέ
664 2596 905 2679 κατεσκεύαζεν
926 2593 1039 2680 άλλας,

66 2693 166 2784 ὅπως
191 2705 227 2773 ολ
245 2701 449 2772 κατάσκοποι
476 2696 497 2789 ή
523 2704 557 2769 οί
574 2699 708 2789 νύκτωρ
729 2701 957 2787 ἐπιτιθέμενοι
983 2697 1040 2767 διά

67 2808 144 2875 τῶν
155 2801 307 2893 ἀρχαίων
322 2800 411 2874 ὁδῶν
420 2801 641 2893 πορευόμενοι
656 2804 852 2892 ἐμπίπτοιεν
858 2817 927 2882 τοϊς
935 2797 1039 2891 ὀρύγ-

75 2923 172 2993 μασι,
187 2911 257 2973 τῶν
271 2906 308 2972 δὲ
324 2912 453 2975 καινάν
466 2905 615 2992 ἀπείρως
626 2912 743 2994 ἔχοιεν.

150 3013 364 3095 Πομπίσκος,
389 3010 459 3074 τῶν
488 3013 660 3094 πολεμίων
680 3003 829 3092 ἐγγύθεν
853 3001 895 3073 τύ
918 3017 1073 3127 σημεῑαν

77 3106 183 3181 καλ
144 3138 187 3181 τα
200 3107 397 3198 κηρύγματα
412 3103 516 3177 αύτου
502 3105 872 3195 παραφυλαττόντων,
887 3101 952 3175 ἐν’
933 3132 1037 3195 απορ-

78 3212 165 3341 ρήτφ
198 3211 402 3301 παρήγγειλε
428 3223 497 3289 τοῖς
517 3225 678 3299 φανεροῖς
705 3209 956 3298 παραγγέλμασι
983 3211 1040 3278 καὶ

76 3298 265 3409 κηρύγμασι
278 3320 424 3403 χρῆσθαι
437 3311 515 3393 τούς
528 3312 729 3402 στρατιώτας
743 3318 790 3393 είς
802 3310 1011 3381 τούναντίον.

55 3452 61 3483 ι
150 3423 369 3508 Πομπίσκος,
391 3415 747 3503 περιστρατοπεδεύων
766 3412 883 3501 πόλιν,
903 3415 958 3485 ἐπὶ
977 3413 1075 3503 μὲνό

77 3520 140 3615 τήν
161 3518 295 3612 πολλὴν
314 3524 373 3611 τής
391 3519 500 3610 χώρας
520 3522 642 3602 ἐξιέναι
663 3515 742 3601 τούς
760 3523 941 3609 πολεμίους
955 3516 1038 3589 ἐκτό-
