2318 3892
84 146 145 207 320
473 142 656 205 ΒΙΒΛΙΟΝ

82 325 231 410 χρυσίον,
243 307 283 385 οῦ
298 323 332 386 τί
336 330 405 395 τοὶς
414 313 609 403 ἀνθρώποις
622 312 753 404 ὄφελος,
762 320 795 385 εἱ
800 314 846 407 μῆ
854 315 935 399 τοῦς
948 338 1034 388 σπει·
1081 358 1083 395 ;

82 425 243 512 ρομένους
254 422 309 490 καὶ
322 421 572 509 φονευομένους
585 418 734 507 καρπούς
748 418 896 507 ἐχοιευ;”
924 426 972 511 Τῆ
985 443 1035 492 σο·
1080 461 1083 495 ι

83 533 145 618 φίηι
166 531 224 614 τῆς
254 521 412 611 γυναικός
438 521 600 611 ἐδιδάχθη
624 523 745 611 Πύθης
769 530 956 595 καταλῦσαι
982 525 1037 614 μέν
1080 564 1083 601 2

82 627 143 718 τῆν
154 636 223 697 τῶν
236 627 409 715 μετάλλων
423 629 598 712 ἐργασίαν,
613 623 749 713 ἀφείυαι
765 627 803 696 δέ
814 625 895 708 τούς
909 637 1038 708 πολίτας
1080 665 1083 701 :

83 736 137 802 ἐπὶ
151 742 319 819 γεωργίαν
333 731 390 798 καλ
405 727 462 808 τάς
475 726 577 808 άλλως
594 732 719 817 τέχνας.

438 908 480 962 43.
499 912 688 962 ΧΡΤΣΑΜΗ.

108 1064 113 1071 ·
165 1042 229 1126 Τῆς
246 1033 393 1124 Ἰωνικῆς
412 1033 566 1115 ἀποικίας
580 1038 613 1115 ἐς
624 1034 687 1125 τῆν
696 1033 812 1106 Ἀσίαν
828 1032 1038 1126 ἀφικομένης,

83 1156 153 1221 τοίς
166 1137 329 1228 Ἐρυθράς
349 1141 548 1226 κατέχουσιν
566 1142 719 1228 ἐπολέμει
738 1144 884 1220 Κνωπος
903 1145 965 1209 τοῦ
977 1147 1038 1208 Κο-

85 1249 212 1330 δριδῶν
243 1245 371 1328 γένους.
408 1238 443 1308 ‘0
469 1239 550 1319 θεὸς
577 1247 717 1330 ἔχρησεν
742 1239 834 1335 αύτῷ
859 1240 1040 1332 στρατηγόν

85 1343 174 1433 παρά
190 1349 372 1413 Θεσσαλων
385 1351 502 1432 λαβεῖν
511 1341 572 1430 τῆν
587 1348 712 1433 ἱέρειαν
725 1350 783 1435 τῆς
791 1342 961 1426 Ἐνοδίας·
976 1342 994 1415 ὁ
1007 1343 1040 1414 δὲ
1053 1380 1070 1423 ς

85 1448 305 1537 πρεσβεύεται
327 1446 409 1534 πρός
435 1447 626 1529 Θεσσαλούς
646 1451 702 1518 καὶ
728 1447 849 1538 μηνύει
870 1447 909 1518 τό
930 1447 1041 1537 λόγιον

85 1557 145 1621 τοῦ
160 1557 255 1621 θεοῦ.
290 1557 335 1620 Οἱ
347 1551 384 1620 δέ
398 1556 551 1637 ἔπεμψαν
565 1549 655 1645 αύτῷ
673 1550 736 1641 τῆυ
749 1553 877 1640 ἱέρειαν
890 1559 950 1641 τῆς
962 1555 1052 1621 θεοῦ·

85 1655 280 1744 Χρυσάμηυ.
314 1651 408 1741 Αῦτη
422 1654 609 1741 φαρμάκων
623 1663 778 1742 ἔμπειρος
797 1647 898 1741 οῦσα,
920 1661 1043 1740 ταῦρον

86 1763 119 1841 ἐξ
127 1757 248 1847 ἀγέλης
261 1759 416 1846 μέγιστον
431 1760 487 1825 καὶ
500 1757 678 1827 κάλλιστον
691 1763 918 1846 συλλαβοῦσα,
932 1758 1044 1847 τὰμὲν

85 1865 208 1950 κέρατα
227 1860 458 1949 κατεχρύσωσε
476 1862 532 1930 καὶ
546 1858 582 1929 τδ
596 1863 691 1950 σῶμα
709 1861 938 1950 κατεκόσμησε
951 1865 1043 1949 στέμ-
1056 1888 1076 1929 α

86 1985 166 2054 μασι
185 1966 242 2032 καὶ
257 1961 497 2050 χρυσοπάστοις
516 1959 709 2053 ἀλουργίσι,
729 1966 786 2034 καλ
805 1962 888 2054 μετά
901 1970 961 2055 τῆς
973 1992 1043 2051 τρο-

87 2073 153 2155 φῆς
172 2065 357 2153 ἀναμίξασα
385 2064 584 2153 μαυιοποιδυ
605 2067 783 2155 φάρμακον
802 2073 932 2139 ἔδωκεν
958 2065 1045 2159 αὐτῷ

67 2185 228 2277 φαγεῖν·
248 2167 286 2237 τδ
311 2169 348 2238 δὲ
369 2168 547 2256 φάρμακον
570 2167 674 2239 αὐτόν
694 2198 730 2240 τε
751 2169 812 2240 τδν
831 2176 961 2259 ταῦρον
980 2174 1042 2253 ἐξέ·

87 2301 171 2362 μηυε
196 2275 252 2342 καὶ
266 2271 343 2351 τούς
362 2274 564 2360 γευομένους
585 2269 691 2343 αὐτοῦ
710 2288 930 2362 μαυιουργείυ
951 2280 1042 2363 έμελ-

87 2386 154 2446 λεν.
190 2380 235 2444 Οἱ
257 2377 318 2463 μέν
341 2374 382 2464 δῆ
402 2378 552 2462 πολέμιοι
571 2372 937 2465 ἀντεστρατοπέδευον·
960 2374 1068 2467 ῆδδμ

87 2484 125 2550 έν
139 2475 214 2562 όψει
227 2485 296 2547 τῶν
311 2487 479 2566 πολεμίων
492 2476 608 2566 βωμὸν
621 2492 810 2564 παραθείσα
824 2482 881 2550 καὶ
889 2478 953 2549 ὅσα
966 2478 1044 2568 πρὸς

87 2589 232 2667 θυσίαν,
253 2583 407 2651 ἐκέλευσε
424 2581 608 2669 προσάγειν
620 2581 679 2652 τόν
692 2590 828 2672 ταῦρον.
861 2579 897 2653 Ὁ
912 2583 967 2670 δὲ,
981 2579 1043 2653 ῦπδ

87 2689 146 2752 τοῦ
160 2685 338 2771 φαρμάκου
360 2683 515 2773 μεμηνιδς
534 2687 590 2754 καὶ
611 2691 772 2774 οίστριῦυ,
789 2686 974 2775 ἐξεπήδησε
992 2687 1043 2756 καὶ

87 2790 171 2875 μέγα
191 2786 386 2874 μυκώμενος
406 2794 544 2876 ἔφυγεν.
581 2793 627 2857 Οἱ
643 2791 812 2877 πολέμιοι,
832 2789 1043 2878 χρυσόκερων

86 2891 350 2977 κατεστεμμένον
370 2886 513 2974 ὁρωντες
534 2892 590 2958 καὶ
610 2891 799 2979 φερόμενον
812 2895 846 2973 ἐς
858 2890 896 2963 τό
917 2894 1070 2963 ἐαυτῦυε

88 2992 314 3081 στρατόπεδον
328 2988 393 3060 ἀπὸ
410 2998 467 3080 τῆς
479 2999 602 3073 θυσίας
615 3000 685 3063 των
699 2999 880 3080 ἐναντίων,
902 2992 949 3077 ὥς
963 2994 1042 3083 ἀγα-

87 3095 154 3165 θὸν
170 3113 309 3184 σημεῖον
326 3097 382 3164 καὶ
399 3096 561 3183 οίύυισμα
576 3109 687 3168 αίοιου
702 3100 873 3185 ἐδέξαντο,
893 3101 952 3167 καὶ
965 3109 1043 3168 συλ-

87 3198 244 3286 λαβόντες
264 3205 476 3288 καλλιεροῦσι
496 3215 564 3280 τοῖς
577 3211 672 3281 θεοῖς
691 3202 828 3272 καὶτῶν
842 3206 954 3290 κρειὸν
967 3204 1043 3272 ἔκα-

86 3325 162 3383 στος
184 3309 366 3390 φιλοτίμως
390 3307 583 3389 ἐδαίσαντο,
611 3300 656 3384 αἱς
675 3310 851 3392 δαιμονίου
873 3306 931 3375 καλ
950 3312 1046 3384 θείας

87 3405 596 3494 ἱερουργίαςμεταλαγχάνοντες.
621 3404 751 3476 Αὐτίκα
762 3405 803 3496 δῆ
813 3412 881 3477 πᾶν
893 3406 932 3478 τδ
946 3430 1043 3498 στρα·
1059 3432 1077 3473 ιι

85 3508 227 3578 τόπεδον
262 3504 329 3578 ὑπὸ
354 3516 474 3596 μανίας
500 3511 557 3579 καὶ
588 3509 851 3601 παραφροσύνης
881 3512 1044 3595 ἐξίστατο·
