2318 3892
422 170 584 256 TPJT'ON.
856 182 859 190 ‘
919 197 978 258 τοι
1106 145 1112 156 ’

91 363 279 455 Ἰφικράτης
293 368 371 455 περί
384 372 553 437 Φλιούντα
567 364 766 456 ώδοιπόρει,
775 373 833 459 τῆς
847 368 977 458 φάλαγ·
996 396 1031 450 54

43 497 76 549 ος
101 468 158 538 διά
176 468 233 550 τὰς
253 475 440 558 δυσχωρίας
462 476 590 561 μακράς
609 473 841 560 ἐκτεταμένης·
871 476 905 541 οί
915 498 977 542 πο·

43 575 128 661 έμιοι
137 571 245 658 ,κατὰ
258 571 320 661 τὴν
333 570 497 662 οὐραγίαν
514 578 736 664 ἐπικείμενοι,
752 572 898 656 πολλούς
911 579 978 645 ἐτί-

43 696 171 764 Ιοωσκον
185 675 360 746 καὶπολλὰ
379 673 535 766 ἥρπαζον.
564 673 600 747 ‘O
624 676 680 765 δέ,
700 677 783 767 μετά
801 683 872 748 τών
889 677 980 767 παρά

43 777 172 868 λευράν
184 775 321 869 ἀνδρών
336 782 546 868 ἐπιστρέψας,
559 787 600 870 τῇ
613 780 676 869 μὲν
690 781 837 869 φάλαγγι
850 783 978 870 παρηγ-

43 889 110 952 ειλε
122 889 249 953 θάττον
264 898 468 972 προχωρεῖν·
489 890 557 952 τών
578 884 615 953 δὲ
634 881 701 952 ἀπὸ
718 890 778 972 τῆς
799 886 909 967 δεξιοῖς
921 885 980 952 καί

43 983 86 1055 ιδ
110 989 168 1074 τῆς
197 982 375 1074 εὐωνύμου
395 991 542 1076 πλευράς
561 983 698 1074 ἀνδρῶν
718 990 883 1075 ἐπιλέγων
900 986 979 1066 τούς

43 1087 182 1178 γεμόνας
194 1090 252 1158 καί
264 1087 342 1170 τούς
355 1085 527 1178 ἀρίστους,
541 1086 614 1178 μετ’
629 1086 753 1170 αὐτούς
767 1092 977 1178 συνέταττεν.

43 1197 88 1281 λῖς
110 1192 148 1261 δέ
166 1189 327 1280 οὐραγίας
347 1191 447 1280 ἐγγύς
469 1186 664 1281 γενόμενος,
684 1192 885 1282 προσπεσών
906 1209 976 1273 τοϊς

43 1301 188 1383 ολεμίοις
218 1295 422 1385 κεκμηκόσιν
439 1299 478 1366 ἐν
495 1303 537 1389 τῇ
557 1296 670 1378 διώξει
690 1299 748 1367 καί
773 1299 975 1386 τεταραγμέ-

43 1426 88 1478 ιις
114 1400 205 1486 ἐντῇ
232 1404 301 1468 τών
327 1399 547 1487 σκευοφόρων
573 1395 724 1488 ἁρπαγῇ,
750 1399 895 1480 πολλούς
914 1399 977 1487 μὲν

43 1498 131 1570 ὐτών
151 1504 363 1593 διέφθειρεν,
385 1508 498 1598 πολλῷ
518 1503 556 1574 δὲ
576 1508 734 1583 πλείονας
748 1503 977 1592 αἰχμαλώτους

43 1630 152 1691 γαγευ.

88 1704 275 1797 Ἰφικράτης
296 1708 334 1778 ἐν
352 1705 530 1798 Κερκύρᾳ,
552 1713 747 1795 Κρινίππου
766 1708 974 1795 προσπλέον·
992 1728 1026 1781 55

43 1836 72 1891 ις
86 1813 123 1881 ἐκ
137 1815 296 1889 Σικελίας
315 1813 437 1880 ἕνδεκα
458 1809 675 1900 πληρώμασι,
694 1814 764 1879 τών
784 1814 975 1897 πνρσωρών

43 1911 243 2002 ιγειλάντων
256 1909 423 2002 ύφορμείν
435 1910 540 1984 αὐτὸν
557 1911 650 2006 νήσῳ
669 1915 737 1983 τινί
750 1917 819 1982 τών
831 1910 975 2002 ἐρήμων,
1105 1970 1110 1981 .

43 2015 199 2106 ροστάξας
224 2015 357 2105 πυρσόν
383 2014 544 2088 ἀνάπτειν
570 2023 705 2106 φίλιον,
739 2015 874 2104 νύκτωρ
901 2019 974 2086 ἐπι·

43 2119 161 2199 λεύσας
181 2119 341 2210 ἐκράτησε
361 2126 430 2192 τών
451 2121 532 2193 δέκα
550 2119 799 2210 πληρωμάτων,
824 2118 898 2201 ἑνὸς
918 2123 974 2189 ἐκ·

43 2221 191 2312 νγόντος.
949 2248 952 2253 ·

86 2323 273 2415 Ἰφικράτης
290 2326 329 2394 ἐν
339 2321 423 2412 ’Ἁκη
437 2322 631 2412 πυθόμενος
646 2322 707 2393 δύο
719 2329 788 2392 τών
800 2318 975 2413 ἡγεμόνων
992 2344 1026 2398 55

43 2426 233 2518 Ινοδιδόναι,
266 2425 409 2505 καλέσας
440 2425 519 2507 τούς
552 2423 708 2514 ἀρίστους
735 2431 804 2496 τών
831 2426 886 2495 ἐπί
913 2429 975 2492 τού

43 2532 262 2621 τρατοπέδου,
282 2529 501 2616 προσέταξεν,
525 2525 651 2598 ὁπόταν
669 2525 748 2608 τοὺ
770 2533 898 2608 αίτίους
917 2531 975 2615 τῆς

43 2640 195 2724 γοδοσίας
208 2631 505 2720 μεταπεμψάμενος
524 2631 654 2720 ἐξετάζη
672 2629 709 2700 τὸ
721 2635 875 2720 πρᾶγμα,
889 2655 972 2715 προ-

43 2745 131 2827 ιβεῑν
151 2733 273 2816 αὐτούς
290 2731 332 2804 τά
350 2733 480 2804 τούτων
500 2730 588 2804 ὅπλα
611 2735 669 2804 καί
686 2739 756 2804 τών
778 2730 838 2804 ὑπ’
860 2730 974 2814 αὐτοῖς

43 2843 226 2928 παγμένων
248 2839 366 2927 λόχων.
409 2841 454 2907 Οί
476 2837 540 2926 μὲν
563 2837 788 2927 προλαβόντες
814 2838 974 2924 κατέσχον

43 2944 72 3023 λς
92 2948 290 3023 πανοπλίας.
322 2938 509 3031 Ἰφικράτης
529 2940 586 3027 δδ,
605 2940 669 3030 τὴν
682 2947 867 3029 προδοσίαν
879 2942 972 3024 ἐλέγ-

43 3074 88 3132 ις,
116 3043 194 3126 τούς
215 3045 277 3133 μὲν
297 3039 462 3133 ἡγεμόνας
482 3044 620 3114 ἐκόλασε
646 3043 802 3135 θανάτῳ,
828 3039 907 3122 τούς
935 3040 973 3109 δὲ

43 3147 215 3240 ιρατιώτας
227 3145 377 3236 γυμνούς
391 3147 527 3236 ἐξήλασε
540 3152 602 3217 τοῦ
619 3147 856 3235 στρατοπέδου.

85 3249 290 3339 Ἰφικράτης,
328 3255 502 3339 δισχιλίων
535 3248 758 3340 μισθοφόρων
783 3245 867 3336 πρὸς
892 3244 971 3326 τούς
989 3269 1023 3325 57

45 3352 177 3435 άκωνας
215 3349 538 3442 αὐτομολησάντων,
584 3350 756 3440 ἀπόρρητα
794 3351 972 3440 γράμματα

43 3473 142 3546 ιεμφε
152 3453 236 3546 πρὸς
247 3453 325 3536 τούς
338 3451 504 3546 ἡγεμόνας
525 3460 594 3525 τών
607 3453 840 3540 ἀποστάντων,
863 3480 969 3544 παρα·

43 3566 126 3631 ιλών
139 3564 331 3651 μεμνῆσθαι
347 3564 411 3631 τού
432 3558 655 3648 συγκειμένου
666 3561 804 3651 καιρού,
825 3553 906 3629 καθ’
929 3552 971 3628 δυ
1064 3609 1069 3619 ·
