2318 3892
442 164 601 224 TPITON.
948 161 1006 223 113

45 333 222 422 ἀναχθεὶς,
243 336 423 422 προσέταξε
448 349 516 414 τοῖς
538 334 747 425 τριηράρχοις
765 333 810 423 μή
824 334 1007 406 συνάπτειν

45 455 118 518 ταῖς
140 444 312 526 πολεμίαις
333 436 504 526 τριήρεσιν
518 438 609 519 ἐντὸς
623 439 759 526 βέλους,
779 442 946 509 ἐκκλίνειν
969 436 1006 507 δὲ

46 543 106 610 καί
127 556 336 630 φυγομαχεῖν
351 542 529 627 ἑκουσίως,
550 545 607 610 ἵνα
621 541 830 621 κατακόπους
844 542 1005 630 ποιήσωσι

46 643 126 725 τούς
139 649 313 723 ἐναντίους
330 645 452 729 ἐρέτας.
478 639 566 713 Ἐπεὶ
583 645 620 714 δὲ
633 649 668 713 οί
682 645 744 732 μὲν
758 643 1006 732 ἐφυγομάχουν,

10 775 26 814 5
47 753 82 817 οἱ
94 748 131 816 δέ
146 749 303 815 ἐλέλυντο
322 746 466 833 καύματι
486 749 542 815 καὶ
556 746 666 840 πόνῳ,
693 747 853 835 Τιμόθεος
867 744 904 815 τό
923 743 1005 815 άνα-

46 847 206 938 κλητικὸν
219 848 403 937 ἐσήμανεν,
423 851 479 917 καὶ
494 848 667 936 κατασχόν
681 852 735 918 ἐπὶ
750 848 811 938 τήν
825 854 905 938 γήν,
925 847 1006 918 άνα-

46 952 284 1038 παυσαμένους
302 954 415 1039 ἐρέτας
428 951 625 1040 ἐμβιβάσας,
647 949 703 1021 διά
717 953 835 1038 τάχους
848 949 925 1032 τούς
946 978 1006 1019 πο-

48 1056 184 1141 λεμίους
203 1054 432 1142 πεπονηκότας
442 1055 582 1141 διώξας,
598 1054 721 1134 πολλάς
735 1053 847 1124 αὐτῶν
861 1055 1007 1144 τριήρεις
1024 1089 1057 1143 13

46 1157 107 1238 τάς
120 1158 182 1245 μὲν
200 1159 377 1245 κατέδυσε,
393 1157 451 1238 τάς
467 1159 505 1228 δὲ
518 1155 646 1238 άπλους
655 1162 821 1246 ἐποίησεν.

10 1289 30 1332 ο
127 1261 303 1348 Τιμόθεος,
318 1268 605 1348 Λακεδαιμονίους
619 1261 927 1350 καταναυμαχήσας,
942 1288 1005 1348 φο-

46 1365 166 1452 βηθεὶς
181 1366 262 1432 δέκα
274 1373 357 1444 ναῦς
371 1363 587 1452 Λακωνικάς,
608 1361 646 1445 άς
660 1367 875 1454 προέπεμψεν
892 1360 910 1433 ὁ
924 1363 1006 1433 ναή-

47 1495 147 1555 αρχος
173 1467 227 1535 ἐπὶ
258 1473 435 1556 καταγωγή
462 1475 589 1537 πλοίων
614 1474 827 1555 σιταγωγῶν,
855 1465 900 1555 μή
928 1493 1007 1535 ποτε

46 1567 257 1658 ἀναχωροῦσι
283 1586 351 1651 τοῖς
373 1568 566 1659 Ἀθηναίοις
591 1575 779 1657 ἐπίθειντο,
807 1569 1008 1659 παρήγγειλε

47 1688 115 1752 τοῖς
133 1671 342 1762 τριηράρχοις
364 1672 426 1762 τήν
446 1671 587 1760 άρχαίαν
607 1672 699 1754 τάξιν
710 1671 755 1760 μή
776 1680 901 1759 ζητεῖν,
924 1669 1009 1740 άλλά

10 1802 33 1845 υ
47 1773 90 1864 ήν
108 1779 245 1855 ἕκαστος
260 1779 314 1844 ἐπὶ
329 1781 389 1846 τοῦ
406 1777 572 1862 παρόντος
592 1775 704 1864 χάραν
719 1782 786 1862 ἐχει
800 1775 925 1861 ταύτην
940 1801 1006 1862 φυ-

47 1872 201 1948 λάσσειν·
226 1876 356 1968 ἵναμή,
377 1882 612 1968 μεταγομένων
630 1883 698 1949 τῶν
717 1883 857 1966 σκαφων
877 1879 931 1946 ἐπὶ
950 1874 1008 1958 τάς

47 1986 179 2052 ἑαυτῶν
192 1979 313 2069 τάξεις,
339 1983 599 2062 ἐπιπλεύσαντες
618 1987 654 2051 οί
664 1985 815 2070 πολέμιοι
837 1981 1005 2070 προσβάλ-

43 2096 129 2154 λωσι
150 2089 197 2176 τῷ
217 2092 367 2179 ναυτικῷ
384 2089 565 2179 λελυμένη).
620 2085 724 2167 Τάξας
744 2085 781 2154 δέ
795 2081 852 2164 τάς
874 2089 957 2163 ναῦς
970 2086 1007 2152 ἐν

44 2193 224 2277 μηνοειδεῖ
233 2188 391 2278 σχήματι,
413 2188 453 2258 τά
468 2189 530 2278 μέν
551 2195 675 2276 ἔμβολα
696 2195 764 2257 τῶν
785 2192 873 2258 νεων
892 2189 949 2256 καὶ
970 2185 1007 2255 τὸ

10 2291 227 2379 δπεριφερὲς
253 2298 313 2361 τοῦ
333 2293 495 2380 σχήματος
517 2290 599 2376 πρὸς
627 2289 705 2370 τούς
733 2294 905 2368 ἐναντίους
932 2291 1006 2358 ἐπέ-

44 2417 210 2481 στρεψεν,
239 2393 279 2462 τά
302 2397 448 2482 ναυάγια
473 2395 511 2464 δὲ
537 2396 593 2462 καί
611 2391 668 2473 τάς
692 2392 920 2481 αἰχμαλώτους
940 2397 1008 2460 τάν

42 2503 137 2568 νεῶν
156 2500 189 2577 ἐς
203 2495 240 2566 τό
255 2504 404 2586 κοίλωμα
417 2503 478 2567 τοῦ
491 2503 657 2586 μηνίσκου
670 2493 873 2583 συναγαγών
881 2548 890 2582 ,
914 2499 1007 2563 ἐπλει
1027 2524 1060 2577 14

45 2597 135 2670 κατά
153 2601 320 2687 πρύμναν.

130 2702 308 2790 Τιμόθεος,
330 2706 535 2772 Χαλκιδεῦσι
558 2705 717 2788 πολεμῶν
730 2696 1007 2788 μετάΠερδίκου,

10 2829 22 2868 5
45 2805 204 2892 Κάπριον
218 2804 342 2895 χαλκόν
355 2809 584 2897 Μακεδονικῷ
596 2810 772 2893 νομίσματι
785 2807 880 2892 μίξας
894 2807 1009 2890 ἐπίση-

44 2937 112 2998 μον
128 2915 267 2996 ἐκοψεν,
292 2908 376 2980 ὥστε
396 2907 455 2990 τάς
479 2906 621 2988 παλαιάς
642 2913 904 2996 πεντεδραχμίας
923 2913 1011 2991 ἔχειν

44 3010 213 3101 ἀργυρίου
227 3013 387 3102 τετάρτην
401 3019 531 3102 μοίραν,
546 3009 584 3081 τό
599 3011 636 3080 δέ
650 3009 768 3079 λοιπόν
780 3014 906 3097 χαλκοῦ
922 3007 1010 3096 φαά-

46 3106 122 3184 λου.
165 3123 329 3204 Πλείστης
351 3112 538 3204 εὐπορήσας
562 3119 792 3203 μισθοδοσίας,
813 3110 890 3191 τούς
910 3110 1010 3199 ἐμπό·

47 3246 131 3305 ρους
158 3221 215 3288 καὶ
241 3217 319 3300 τούς
341 3215 406 3289 άπὸ
426 3225 484 3307 τής
504 3217 612 3310 χωρας
632 3223 762 3302 ἐπεισε,
788 3213 871 3302 πρός
888 3212 1013 3302 χαλκόν

11 3351 27 3392 ο
47 3320 277 3408 πιπράσκειν,
301 3321 609 3410 άντιφορτιζόμενοι
630 3319 667 3389 δὲ
690 3318 731 3387 τά
752 3315 831 3406 παρ’
857 3314 1012 3405 άλλήλων

44 3422 151 3496 οὐδὲν
164 3431 225 3495 τοῦ
237 3432 437 3514 νομίσματος
453 3425 658 3511 ἐφύλαττον,
673 3419 758 3491 άλλά
771 3427 868 3491 τοῦτο
882 3418 1013 3510 περιήει

45 3528 150 3599 πάλιν
163 3536 212 3609 είς
224 3527 286 3618 τήν
299 3525 514 3618 μισθοφοράν
528 3527 590 3616 τήν
598 3524 856 3618 στρατιωτικήν.

100 3660 230 3696 romum
250 3660 347 3697 εοεεο.
850 3640 868 3702 8
