2318 3892
382 206 616 270 Δουνενοα.
868 182 874 192 ’
937 209 978 270 57

55 385 141 470 μίων
173 377 254 460 τοῦς
290 376 433 467 μάλιστα
467 375 632 460 δυνατούς
671 381 863 468 πέμπεσθαι
897 378 981 468 πρός
1016 434 1019 441 -

55 482 137 570 τόν,
155 477 206 564 οἷς
221 483 410 570 διαλέξηται
423 483 500 571 περὶ
514 486 583 551 τῶν
604 487 701 572 κοινῇ
725 484 978 572 συμφερόντων.
1072 559 1077 568 ,

55 586 158 666 ιύτοις
184 586 240 656 ἐπὶ
272 593 430 654 πλεῖστον
456 584 698 673 συγγινόμενος
722 587 780 655 καὶ
805 594 980 657 κοινωνῶν

55 696 126 770 τίας
136 690 193 758 καί
206 692 382 774 σπονδῶν,
402 701 475 768 ταῖς
487 687 603 759 πόλεσι
617 687 735 759 στάσιν
759 689 904 759 ἐνεποίει
924 687 979 772 διὰ

56 796 158 873 ςτῶν
176 795 309 862 πολλῶν
327 786 483 874 ὑποψίας.

376 969 402 1026 2.
418 949 629 1024 ΚΛΕΑΡΧΟΣ.

96 1096 283 1185 Κλέαρχος,
311 1093 438 1186 πολλὴν
465 1093 624 1185 στρατιῶν
648 1092 757 1183 ῶχων,
784 1086 894 1184 ἦλθεν
924 1096 1009 1169 ἐπλι

55 1195 167 1288 ταμὸν
191 1204 232 1287 τῇ
253 1198 315 1287 μὲν
330 1195 531 1287 εῦδιύβατον
544 1196 779 1287 ἄχρίκνήμυς,
804 1203 845 1287 τῇ
865 1198 902 1267 δὲ
915 1204 977 1286 βα-

55 1330 89 1375 νν
114 1298 192 1389 ῶχρι
222 1308 366 1390 μαστοῦ·
393 1305 528 1388 πρῶτον
561 1301 624 1390 μὲν
650 1303 804 1391 ἐπειρᾶτο
833 1297 980 1371 κατὰτὸ

55 1403 220 1493 διύβατον
255 1401 361 1491 ῶχειν.
414 1409 490 1473 Τῶν
518 1409 688 1494 πολεμίων
722 1400 883 1493 ιἰπωτέρω
919 1409 981 1473 τοῦ

55 1511 171 1596 ταμυῦ
196 1504 464 1595 σφενδονῶντων
492 1506 549 1577 καί
583 1504 790 1589 τοξευόντων
818 1506 874 1575 καὶ
902 1505 981 1585 τοὺς

55 1615 255 1699 ιβαίυοντας
273 1606 519 1698 ιἰυειρχόντων,
539 1605 558 1680 ὁ
571 1610 741 1698 Κλέαρχος
755 1606 833 1688 τοὺς
845 1603 982 1688 ὁπλίτας

56 1740 123 1802 αχε
138 1709 194 1782 διὰ
207 1718 267 1782 τοῦ
280 1715 489 1802 βαθυτέρων,
510 1716 567 1780 ἵνα
589 1710 627 1780 τδ
646 1712 710 1801 μὲν
731 1709 818 1780 πολὺ
839 1715 900 1780 τοῦ
913 1709 979 1780 σῶ-

55 1843 120 1896 ςτος
138 1810 205 1885 ὑπὸ
218 1819 279 1884 τοῦ
291 1815 443 1903 ποταμοῦ
454 1812 650 1904 κρύπτοιτο,
663 1810 705 1884 τὰ
725 1814 763 1883 δδ
777 1808 983 1902 ὑπερέχοντα
1039 1869 1042 1876 .

55 1914 276 2007 ῦὺδατοςτῇ
302 1913 420 1986 ῶσπίδι
439 1916 657 2007 φυλῶσσοιτο.
706 1918 751 1986 Οί
767 1915 830 2006 μὲν
848 1911 983 1986 ὁπλῖται

57 2025 176 2110 φαλῶς
197 2026 431 2109 διαβαίνοντες
455 2017 667 2111 ῦνέκρουσαν
685 2018 763 2101 τοῦς
783 2025 980 2108 πολεμίους·

69 2124 108 2193 δὲ
138 2121 236 2212 λοιπὴ
264 2121 402 2210 στρατιὰ
423 2121 507 2194 κατὰ
524 2121 563 2196 τὸ
582 2120 730 2215 εύπορον
749 2127 810 2194 τοῦ
830 2127 982 2211 ποταμοῦ

55 2233 162 2315 ἦλθεν
176 2222 365 2306 ἀκωλύτως.
634 2220 636 2225 ’

97 2327 277 2415 Κλέαρχος,
290 2325 410 2416 Κύρου
424 2326 603 2411 πεσόντος,
619 2324 805 2416 ἀναχωρῶν
817 2322 899 2415 μετὰ
912 2329 981 2394 τῶν
999 2336 1016 2388 λ

55 2429 186 2516 λλήυων
207 2429 489 2517 ἐστρατοπέδευεν
509 2432 547 2499 έν
565 2428 660 2517 κῶμχ
682 2426 813 2518 τροφὴν
826 2425 983 2517 ἄφθονον

57 2533 153 2619 ούσχ.
193 2532 423 2621 Τισσαφέρνης
441 2532 597 2619 πρέσβεις
610 2533 742 2618 πέμψας
758 2527 855 2618 ἠξίου
867 2529 985 2617 μένειν

55 2635 145 2704 ἰτόδι
158 2630 403 2722 τοὺςἝλληνας
410 2631 622 2722 παραδόντας
634 2629 725 2724 αὑτῶ
733 2630 773 2702 τὰ
786 2630 881 2703 ὅπλα.
896 2632 984 2702 Κλί-

55 2766 120 2826 ιχος
135 2732 340 2825 ὑπεκρίνατο
353 2741 556 2826 προσίεσθαι
569 2733 648 2816 τοῦς
659 2732 888 2822 λόγους,ὅπως
902 2743 980 2805 Τισ-

55 2842 191 2931 ιφέρνης
211 2843 323 2911 ἐλπίδι
337 2845 497 2911 σπονδῶν
518 2842 552 2920 ἐς
573 2837 632 2920 τὰς
651 2837 765 2928 κῶμας
784 2830 983 2926 διαπέμψειε

55 2943 103 3024 ιὺς
122 2941 265 3025 πολλοὺς
276 2949 346 3014 τῶν
360 2949 516 3033 Περσῶν.
544 2939 580 3011 Ὁ
593 2941 656 3031 μέν
669 2940 728 3032 δὴ,
743 2949 881 3029 νομίσας
900 2939 984 3024 ελξαι

55 3076 82 3117 ιν
95 3046 287 3135 Κλέαρχον,
308 3047 442 3116 διέλυσε
457 3043 521 3136 τὴν
534 3045 691 3134 δύναμιν.
717 3040 752 3113 Ὁ
770 3045 828 3129 δὲ,
849 3042 985 3128 νύκτωρ

55 3146 266 3237 ιὺςἝλλιχυας
286 3147 472 3237 ἐξαχαχῶν,
492 3151 533 3236 τῇ
555 3153 675 3241 πορεία
694 3148 881 3237 προέλαβεν
903 3140 982 3234 ἡμέ·

55 3282 86 3321 ιν
100 3249 183 3339 ὅλην
196 3253 252 3320 καὶ
263 3244 386 3339 νύκτα,
408 3257 469 3322 τοῦ
486 3252 719 3343 Τισσαφέρνου
736 3251 889 3340 βραδέως
906 3246 986 3327 τοῦς

55 3354 248 3433 αλυθέυτας
260 3353 473 3441 συνάγοντος.

99 3459 269 3547 Κλέαρχος
282 3454 385 3550 Κύρῳ
396 3455 459 3545 μὲν
472 3453 721 3543 συνεβούλευεν
732 3450 826 3546 αὐτῷ
847 3448 892 3541 μὴ
910 3477 984 3520 κιν-
1004 3468 1021 3519 3

55 3559 201 3649 ννεύειν,
229 3554 304 3631 ἀλλ’
327 3558 458 3650 ίφορῦν
478 3555 543 3649 τὴν
562 3555 688 3647 μάχην·
708 3553 905 3646 μαχόμενον
921 3552 986 3644 γὰρ
