2318 3892
122 157 181 220 162
508 155 695 216 ΒΙΒΛΙΟΝ

122 348 179 398 σαι
210 324 327 397 πολλά.
369 325 579 415 Δημήτριος,
609 328 963 418 προκατειλημμένους
997 323 1015 399 ὁ

123 428 202 511 τούς
213 429 354 515 τόπους,
368 434 426 519 τῆς
441 436 577 518 πορείας
590 430 712 519 ταύτης
725 426 948 520 άπετράπετο.

86 547 103 601 6
197 534 381 618 Σέλευκος,
402 534 434 612 ἐς
455 539 613 604 Κιλικίαν
635 530 758 621 φυγάν
772 535 881 622 ἕκτης
899 532 1009 622 μάχης

120 634 202 726 πρὸς
217 634 295 716 τούς
315 632 526 724 βαρβάρους,
545 640 602 705 ἵνα
616 635 700 724 μηδὲ
714 639 748 705 ολ
760 641 854 724 φίλοι
873 637 1016 724 μάθοιεν

119 736 190 828 μετ’
216 736 341 826 ὀλίγων
355 736 512 824 τυγχάνει
526 737 686 826 φεύγων,
698 735 913 827 Ἀμακτίονος
933 744 1016 809 τούι

119 841 219 930 μόνος
231 846 289 929 τῆς
302 846 475 929 βασιλικῆς
486 851 576 930 είλης
590 837 778 929 ὁπλοφόρος
786 841 873 911 εἶναι
880 863 1015 932 προσεπ

121 966 200 1013 σατο
208 998 217 1031 ,
232 947 358 1033 ἐσθῆτα
372 941 487 1030 λαβοδν
499 941 709 1035 ἁρμόζουσαν
721 940 919 1035 ὁπλοφόρου
932 946 1016 1036 σχημ

115 1045 205 1116 Ἐπεὶ
227 1046 272 1116 δδ-
285 1042 372 1114 πολὺ
392 1051 521 1135 πλῆθος
546 1052 719 1136 συνῆλθεν
739 1048 869 1118 ίππέων
886 1050 946 1116 καλ
966 1059 1016 1132 πελ

119 1147 194 1219 τότε
211 1147 273 1237 τὴν
294 1146 473 1236 βασιλικὴν
500 1148 622 1241 στολὴν
644 1146 845 1239 άναλαβων,
873 1150 998 1221 ἑαυτὸν

119 1250 334 1342 στρατιώταις
348 1253 485 1333 ἔδειξεν.

426 1512 430 1519 ι
462 1430 502 1487 Ῑθ.
521 1432 747 1488 ΠΕΡΔΙΚΚΑΣ.

86 1576 100 1626 1
197 1560 398 1648 Περδίκκας,
408 1553 581 1649 Ἰλλυριῶν
594 1558 650 1625 καὶ
664 1555 879 1627 Μακεδόνων
892 1567 1016 1648 πολεμο

119 1688 206 1745 των,
235 1659 351 1749 ἐπειδὴ
370 1663 488 1731 πολλοὶ
512 1659 712 1741 Μακεδόνες
732 1655 910 1748 ἡλίσκοντο
929 1667 1016 1749 ζωγρ

119 1765 175 1834 καλ
205 1757 239 1833 οἱ
261 1756 372 1833 λοιποὶ
398 1763 531 1853 λάτρων
555 1767 668 1833 ἐλπίδι
689 1761 771 1852 πρὸς
790 1760 849 1845 τάς
871 1756 1016 1865 μάχαςη

118 1864 349 1955 ἀτολμότεροι,
364 1865 654 1957 ἐπεκηρυκεύσατο
667 1866 744 1955 περὶ
759 1864 909 1956 λύτρων,
932 1871 1016 1938 ἐυτει

63 1987 65 1992 ’
119 1995 218 2057 μενος
231 1974 278 2061 τῷ
292 1967 413 2058 κη’ρυκι
426 1967 648 2039 ἐπανελθόντι
663 1966 827 2056 ἀγγείλαι,
837 1965 882 2050 ὥς
897 1967 964 2059 άρα
978 1971 1016 2040 λύ

115 2068 269 2160 Ἰλλυριοί
284 2069 328 2159 μὴ
343 2077 553 2160 προσίοιντο,
575 2068 659 2141 άλλά
672 2077 857 2161 ψηφίσειαν
870 2071 950 2153 τούς
964 2081 1016 2162 αλη

118 2171 247 2252 λύτους
266 2173 451 2244 κτιννύειν.
498 2180 544 2244 Οί
565 2172 607 2263 δη
629 2173 845 2262 Μακεδόνες,
863 2172 1016 2263 ’άπογνόι

118 2281 175 2364 της
191 2273 247 2343 διά
260 2280 329 2346 τῶν
344 2275 477 2366 λύτρων
489 2284 664 2366 σωτηρίας,
679 2275 911 2367 εὐτολμότερον
926 2278 1012 2370 πρός

119 2376 223 2467 μάχας
253 2379 424 2466 ἐγένοντο,
458 2375 502 2460 ὡς
527 2384 564 2449 ἐν
582 2379 676 2475 μόνω
698 2385 746 2475 τῷ
767 2385 867 2452 νικᾶν
887 2386 1016 2470 ἔχοντες

120 2479 297 2563 σώζεσθαι.

84 2598 100 2648 2
195 2587 398 2671 Περδίκκας,
413 2587 621 2652 Χαλκιδεύσι
636 2589 802 2673 πολεμῶν,
815 2582 971 2675 ἀργυροῦ
983 2615 1016 2658 ν(

118 2702 240 2770 σματος
251 2682 481 2774 άπορούμενος
488 2685 716 2775 χαλκόκρατον
724 2694 922 2779 κασσίτερον
931 2690 1016 2778 ε’χάρι

116 2788 173 2853 καὶ
193 2782 299 2865 οὕτως
323 2777 366 2874 ἦν
388 2786 582 2878 μισθοφορά
603 2804 672 2869 τοῖς
698 2790 923 2879 στρατιώταις.
961 2798 1007 2862 Οί

116 2892 256 2978 ἔμποροι
274 2885 313 2957 τδ
326 2895 499 2976 βασίλειον
512 2889 657 2979 νόμισμα
673 2888 877 2981 ἐλάμβανον·
893 2895 967 2964 ἐπεὶ
985 2896 1016 2966 δέ

116 2988 251 3079 ἀχρεῖον
264 2986 350 3081 ὑπὲρ
365 2989 442 3070 τούς
456 2988 569 3082 ὅρους,
584 2990 824 3085 ιἰντεφόρτιζον
837 2996 1016 3087 καρπούςτ

116 3095 325 3183 ἐπιχωρίους.

436 3270 468 3324 ll.
488 3267 746 3330 ΚΑΣΣᾺΝΔΡΟΣ.

67 3400 134 3482 l(2)
195 3396 414 3486 Κάσσανδρος
452 3394 536 3486 ὁμοῦ
570 3399 632 3488 μδν
668 3401 855 3491 ἐπολιόρκει
883 3413 1016 3497 Σαλαμῑ

114 3494 199 3586 ὁμοῦ
213 3499 250 3568 δὲ
264 3500 320 3570 καὶ
329 3497 522 3590 Ἀθηναίοις
530 3498 748 3594 ἐναυμάχησε.
773 3505 925 3597 Νικήσας
933 3514 976 3603 τῇ
988 3540 1016 3582 νι
