2318 3892
397 173 620 236 ΕΒΔΟΜΟΝ.
929 174 988 238 271

46 348 185 436 ομένου,
196 342 396 433 καταγαγῶν
406 343 510 415 αὐτὸν
523 348 577 416 ἐπί
590 344 762 416 θάλατταν
775 349 832 418 έπί
817 354 990 439 ίπρασκεν,

45 448 197 539 ἰφέμενός
211 476 244 518 τι
262 455 320 538 τῆς
331 454 442 537 τιμῆς,
458 445 543 519 ῶστε
556 449 724 545 ταχέως
691 476 738 519 τω
724 455 990 573 Κερσοβλέπτῃ

46 551 135 623 ιολλά
151 551 300 641 χρήματα
315 554 524 634 συνελεᾛξατο

367 727 409 787 33.
428 730 653 784 ΑΡΤΑΒΑΖΟΣ.

106 854 292 947 Ἀρταβάζῳ
326 853 562 944 πολιορκοῦντι
591 861 778 925 Ποτίδαιαν
815 857 1024 946 Τιμόξενοςι

46 969 219 1037 Ξκιωναίος
240 963 423 1046 προεδίδου
443 957 506 1046 τὴν
527 957 637 1032 πόλιν.
672 955 868 1048 Ἀμφότεροι
882 963 990 1052 ισυνέ-

46 1082 131 1132 ίεντο
139 1112 148 1145 ,
162 1066 207 1154 τῷ
220 1062 311 1147 βέλει
324 1059 561 1148 προσάψαντας
574 1059 682 1151 βραχύ
696 1067 865 1148 βιβλίδιον
878 1063 989 1146 τοξεύ-

47 1193 81 1233 ιν
103 1173 152 1241 είς
170 1190 245 1232 τινα
267 1162 371 1231 τόπον
392 1170 615 1251 συγκείμενον
644 1161 807 1235 κάκεῑδεν
829 1162 889 1246 τάς
918 1169 989 1235 ε’πι-

50 1264 146 1343 τολάς
160 1261 420 1351 ἀναλαμβάνειν.
659 1288 676 1323 fl

100 1365 312 1455 Ἀρτάβαζος,
345 1362 557 1446 ὑποπτεύσας
589 1367 753 1455 Παμμένη
785 1378 1025 1456 κοινολογεί-2

49 1480 111 1539 Ιθαι
129 1485 198 1548 τοῖς
221 1474 409 1556 πολεμίοις,
433 1468 593 1538 ἐκάλεσεν
613 1467 734 1555 αὐτὸν,
756 1466 800 1551 ῶς
814 1475 906 1559 δῶρα
923 1472 988 1542 δῶ-

47 1596 98 1640 ’ων
112 1574 168 1640 καί
181 1586 275 1640 σίτου
294 1586 364 1662 τοῖς
384 1570 598 1655 στρατιώταις
615 1571 799 1660 μετρήσων.
828 1572 990 1644 Ἐλθόντα
1062 1603 1067 1610 ·

48 1672 206 1761 υλλαβῶν
219 1672 257 1741 τὸ
270 1673 498 1762 στρατόπεδον
511 1689 580 1754 τοῑς
599 1670 758 1761 ἀδελφοῖς
777 1672 920 1769 Όξύδρηι
934 1679 989 1746 καί

47 1781 179 1868 λιβικτῶ
193 1777 400 1864 παρέδωκεν.
435 1807 444 1825 ·

100 1876 294 1967 Ἀρτάβαζος
324 1874 522 1966 Φαρνάκου,
557 1874 695 1963 φεύγων
733 1874 770 1946 έττ
796 1885 987 1965 Πλαταιῶν,
1006 1876 1030 1946 3'

47 1986 200 2070 ῑροῆλθεν
214 1983 247 2060 ές
263 1988 456 2050 Θετταλίαν.
484 1983 559 2047 Τῶν
575 1979 612 2048 δὲ
627 1984 805 2049 Θετταλῶν
819 1985 989 2070 ἐρομένων

47 2085 102 2172 ῑερλ
120 2088 178 2172 τῆς
191 2081 311 2171 μάχης,
328 2089 440 2160 δείσας
457 2077 659 2170 ὁμολογῆσαι
673 2079 737 2168 τὴν
753 2073 873 2170 ἧτταν,
889 2081 987 2164 αὐτὸς

49 2186 87 2255 δν
105 2193 169 2274 ἔφη
183 2185 344 2254 σπεύδειν
358 2190 392 2266 ές
406 2183 543 2276 Θράκην
557 2184 693 2272 πράξων
705 2189 870 2271 βασιλέως
883 2183 986 2276 άπόρ-
1040 2269 1043 2274 ,

49 2316 126 2375 ητα,
155 2287 351 2375 Μαρδόνιος
370 2288 406 2356 δδ
427 2283 612 2374 νενικηκῶς
633 2288 816 2354 ἕπεταικαὶ
844 2284 884 2355 τά
905 2292 987 2376 ἔργα

48 2397 84 2480 ἧς
112 2396 207 2478 νίκης
233 2387 333 2471 αύτδς
357 2386 571 2475 ἀπαγγέλλει.
607 2385 802 2475 Ἀρτάβαζος
820 2389 882 2476 μέν
901 2383 985 2459 άπά-

47 2521 63 2581 η
85 2501 181 2580 νίκης
203 2500 387 2561 Θετταλίαν
413 2494 586 2579 διεξῆλθε,
615 2491 773 2559 Θετταλοί
803 2491 840 2560 δὲ
867 2489 987 2560 αὐτίκα

47 2594 84 2683 ην
98 2599 241 2685 Περσῶν
253 2585 356 2684 ἧτταν
369 2593 572 2682 ἐμάνθανον.

371 2772 413 2828 94.
430 2773 641 2826 ΑΡΤΑΝΔΗΣ.

97 2898 282 2989 Ἀρυάνδης
300 2899 362 2990 τὴν
375 2907 555 2988 Βαρκαίων
576 2897 676 2968 πόλιν
695 2903 900 2987 πολιορκῶν,
921 2928 982 2967 νυ-

48 3002 99 3084 τὸς
118 3001 238 3093 ὀρύξας
252 3000 399 3093 τάφρου,
422 3002 504 3086 ξύλα
524 2998 652 3089 άσδενῆ
668 3005 835 3080 διατείνας
850 3001 905 3068 καί
920 3006 984 3089 γῆν

48 3113 140 3194 λίγην
155 3104 343 3193 ἐπιβαλῶν,
363 3103 443 3194 μεθ’
464 3101 592 3193 ἡμέραν
606 3111 822 3191 προκαλεῖται
836 3109 980 3191 Βαρκαί-

48 3237 81 3289 νς
95 3210 150 3278 έπλ
164 3209 321 3290 σπονδάς·
337 3209 393 3277 καί
406 3204 486 3289 στάς
498 3203 580 3295 μετά
594 3210 663 3275 τῶν
676 3202 716 3273 τά
731 3200 828 3293 ὅρκια
840 3205 980 3294 τεμνόν-

48 3385 248 3398 Μ

91 3477 159 3543 Cap.
177 3475 221 3532 33.
259 3477 284 3538 §-
306 3473 330 3526 1.
352 3471 377 3525 3.
413 3469 623 3534 ExHerodWS
643 3469 751 3535 1239,
770 3469 814 3522 89.

90 3545 158 3612 Cap.
176 3545 221 3599 94.
256 3545 299 3598 Ex
316 3540 419 3595 Herod.
435 3543 465 3606 4,
483 3540 543 3594 201
562 3539 624 3593 coll.
644 3537 703 3590 167.
