2318 3892
98 208 140 270 70⁴
492 206 676 267 ΒΙΒΛῙΟΝ

100 376 245 463 δύναμιν
261 381 400 463 ἔχοντες.
420 373 455 444 Ὁ
471 375 509 446 δέ
522 378 559 447 ἐκ
571 381 629 467 τής
644 375 858 468 εὐρυχωρίας
868 379 904 459 ές
912 392 995 448 στενά

100 508 161 570 ρον
168 474 483 568 χοιρίονὺπεξήγαγε
491 479 553 569 τήν
562 482 685 550 ἑαυτοῦ
692 478 868 569 στρατιάν,
875 480 995 553 ἵνατὸι

100 595 164 662 θος
175 587 243 651 τῶν
264 588 433 670 πολεμίων
446 579 580 672 ἀχρεῖον
592 574 868 671 κατασκευάσας,
891 594 995 667 ἴσους

101 682 205 755 αὑτοῦ
217 684 420 775 στρατιώτας
432 687 470 755 ἐν
482 692 524 778 τῇ
536 686 706 776 στενότητι
720 691 783 756 τοὺ
796 685 915 758 τόπου
921 688 995 777 πρὸς

101 793 265 860 κίνδυνον
284 786 490 878 καταστήσῃ·
512 790 569 859 καὶ
590 788 632 878 δή
653 790 756 859 πάλιν
775 789 984 872 Λευκανοὺς

104 893 257 980 κήσανοί
270 889 418 980 Θούριοι.
968 942 972 949 -

68 1020 84 1072 3
180 993 498 1083 Κλεανδρίδαςτοὺς
511 991 668 1082 ἀρίστους
679 998 861 1080 Τεγεατῶν
875 1003 995 1065 kam

101 1094 395 1182 ὑποπτευομένους
414 1100 572 1184 έποίήσεν
594 1092 869 1184 ὑποπτοτέρους,
892 1097 936 1168 τά
947 1125 995 1167 τοι

101 1205 207 1287 χοιρία
227 1196 332 1285 μόνον
353 1196 398 1285 μή
420 1198 567 1287 δῃώσας,
586 1196 627 1266 τά
649 1197 687 1268 δέ
701 1203 769 1267 ταῖν
787 1195 913 1270 ἄλλων
926 1210 995 1289 λυμε

102 1328 211 1389 μενος.
255 1303 301 1368 Ol
319 1299 382 1388 μὲν
401 1291 463 1370 οὑν
489 1305 647 1388 Τεγεᾶται
668 1299 734 1370 οὑν
756 1306 871 1390 πολλῇ
894 1300 985 1394 ὀργή

102 1402 228 1490 ἄνδρας
242 1404 275 1482 ἐς
289 1408 389 1492 δίκην
402 1409 584 1492 προδοσίας
596 1398 790 1492 ὑπήγαγον·
819 1407 857 1472 oi
871 1405 934 1492 δέ,
948 1403 995 1476 άλι

103 1512 291 1591 δείσαντες,
311 1504 374 1595 τήν
397 1511 514 1594 ψήφου
533 1505 759 1596 προλαβόντες
782 1508 992 1594 προέδωκαν

103 1607 218 1693 πόλιν,
234 1604 296 1696 τήν
310 1613 420 1698 ψενδή
433 1604 583 1691 ὑποψίαν
596 1605 709 1698 άλήδή
722 1613 863 1702 ποιήσαι
883 1612 984 1706 φόρφ

105 1712 255 1790 σθέντες.

68 1827 85 1878 4
200 1817 449 1900 Κλεανδρίδας,
475 1821 662 1894 Λευκανοῖς
691 1817 866 1900 πολεμῶν,
895 1810 995 1904 ὑπερι

101 1912 241 2007 ἡμιολίῳ
255 1914 398 2004 πλήθει,
414 1914 631 2003 λογισάμενος
642 1912 702 2002 ὑς,
720 1922 752 1986 εί
763 1915 922 2006 φανερὰν
935 1915 995 1987 τδι

101 2029 163 2097 δος
183 2020 313 2103 γένοιτο
332 2032 400 2098 τοῖς
420 2025 606 2107 πολεμίοις,
628 2014 888 2108 άναχαρήσουσι
906 2018 980 2109 [μή]

75 2122 79 2131 ’
101 2117 400 2218 κινδυνεύσαντες,
420 2119 482 2211 τήν
501 2120 658 2210 φάλαγγα
677 2120 873 2210 συνήγαγεν
892 2125 929 2203 ές
954 2121 995 2212 βά

97 2220 187 2291 Ἐπεὶ
202 2222 239 2292 δέ
253 2224 437 2308 Λευκανοὶ,
456 2223 770 2313 καταφρονήσαντες
784 2219 830 2305 ὑς
843 2221 993 2312 ὀλίγων,

101 2331 206 2414 μήκος
221 2326 386 2407 ἐξέτειναν
401 2323 537 2415 τάιζυγά
546 2377 555 2411 ,
578 2323 882 2419 ὑπερφαλαγγῆσαι
900 2354 995 2413 πειρι

102 2455 155 2498 νοι
178 2429 235 2497 καὶ
254 2428 454 2516 βουλόμενοι
467 2432 533 2479 ***
547 2430 620 2498 καὶ·
644 2420 688 2518 ήν
698 2426 810 2510 αὑτοῖς
824 2425 995 2519 ήάναχιὺρ

101 2527 300 2620 ήπλωμάνης
313 2536 371 2618 τῆς
391 2530 561 2619 φάλαγγος
581 2531 785 2621 παρήγγειλε
799 2528 879 2612 τοὺς
894 2535 995 2603 έπιστι

34 2638 37 2643 ’
102 2627 317 2720 μεταβαίνειν
331 2640 378 2713 είς
391 2633 620 2723 παραστάτην·
636 2639 748 2728 πολλῷ
759 2634 798 2704 δὲ
805 2633 952 2724 ποιήσας
965 2632 995 2705 ὑτ

62 2756 64 2763 ·
102 2737 308 2832 μήκεστέραν
326 2733 388 2823 τήν
400 2735 494 2818 τάξιν
513 2733 816 2827 ὑπερεφαλάγγήσε
833 2735 913 2818 τοὺς
938 2746 995 2808 Λει

102 2837 191 2918 νοὺς.
232 2841 277 2906 Oi
296 2836 333 2905 δέ
351 2840 602 2927 κυκλωθέντες,
625 2838 826 2928 βαλλόμενοι
837 2840 995 2929 πανταχὺ

102 2941 222 3020 πάντες
246 2936 419 3009 ἀπώλοντο
440 2939 529 3029 πλήν
548 2939 690 3029 ὀλίγαν,
720 2948 754 3011 οἳ
776 2942 995 3032 διεσάδησαυ

104 3049 211 3131 σχρῶς
225 3038 420 3130 φεύγοντες.

67 3165 83 3214 5
177 3150 427 3235 Κλεανδρίδας,
455 3150 612 3234 Θουρίοις
639 3142 811 3215 ἐλάττοσιν
833 3137 911 3216 οὑσι
936 3175 995 3234 παρ

22 3318 25 3325 ,
100 3247 230 3332 γέλλοιν
237 3245 282 3338 μή
296 3247 502 3336 συμβάλλειν
511 3246 635 3336 πλήθει
648 3253 828 3336 πολεμίων,
841 3254 921 3338 έφή,
937 3246 995 3318 “Ὅ

99 3347 145 3439 μή
173 3352 305 3439 ἐξαρκεῖ
328 3347 349 3439 ή
376 3355 512 3440 λεοντῆ,
539 3349 613 3420 τότε
639 3348 703 3441 χρή
730 3353 787 3420 καί
808 3358 866 3441 τῆς
888 3349 995 3425 άλωπι

100 3450 361 3544 προσράπτειν.”
564 3462 584 3505 ⁴
