2318 3892
105 172 142 232 16
490 171 676 232 BIBAION.

102 343 246 421 Ξάνθος.
264 303 468 429 Ἐπολέμουν
482 347 667 411 Μελαινῶν
681 342 775 430 πέρι·
804 346 987 415 Μελαιναλ
1005 372 1057 434 χω·

104 452 178 536 ρλον
192 443 354 534 μεθόριον
364 442 512 533 Ἀττικῆς
526 445 583 513 καλ
595 440 767 525 Βοιωτίας.
799 439 835 516 Ὁ
847 445 935 528 θεός
949 455 1057 538 ἔχρησε

103 553 150 640 τῷ
160 547 303 640 Ξάνθῳ,
769 626 772 631 ,

156 650 322 732 ...τεύξας
336 644 466 736 άπάτην
479 644 497 717 ό
511 650 611 736 μέλας
625 647 733 738 φόρον
746 654 822 737 ἔσχε
835 657 1029 732 Μελαίνας.

107 760 175 823 Τοῦ
196 759 312 840 λογίου
334 749 371 820 τό
392 757 491 841 ἔργον
512 747 690 838 ἀποβαίνει
703 757 795 840 τῇδε.
826 753 1073 844 Ολστρατηγολι

101 860 327 945 μονομαχοῦσι
355 859 413 942 τῆς
432 855 644 943 νίκηςῗπέρι,
665 856 723 923 καλ
742 854 937 926 συνιόντων
956 853 977 927 ὁ
995 857 1058 927 Μέ-

102 970 228 1037 λανθος
242 965 323 1046 ἔφη,
342 952 432 1026 “Kal
452 954 519 1045 μήν
538 953 666 1037 άὸικεῖς
679 952 835 1048 ὃεάτερος
849 957 916 1029 λων
930 960 991 1031 ἐπὶ
1010 957 1059 1048 τήν

102 1058 247 1152 μάχην”.
279 1057 314 1128 Ὁ
328 1058 461 1138 Ξάνθος
481 1055 673 1149 ἐπεστράφη
688 1057 747 1129 τὸν
761 1059 928 1153 δεύτερον
943 1059 1058 1152 ὀψόμε·

102 1193 178 1250 νος,
206 1165 263 1231 καὶ
282 1157 348 1231 ὑπὸ
369 1166 429 1230 τοῦ
449 1161 639 1232 Μελάνθου
664 1168 712 1258 τῷ
734 1165 843 1259 ξυστῷ
871 1165 1060 1245 ἃτελασθελς

102 1265 267 1357 άνηρέθη.
298 1261 491 1352 Ἀθηναῖοι,
519 1269 565 1359 τῷ
584 1264 830 1355 στρατηγήματι
855 1262 917 1358 τής
942 1265 1061 1356 άπάτης

103 1369 317 1457 νικήσαντες,
342 1365 473 1455 ἐτήσιον
490 1365 608 1457 ἑορτήν
621 1368 887 1460 κατεστήσαντο,
910 1369 960 1460 ἦν
974 1399 1013 1459 γε
1026 1367 1060 1458 δὴ

102 1467 514 1560 κληΐζονσινῗΑπατοόρια.

1074 39 1096 1075 a—ff———ae—-—

1068 1094 1102 1636 -——·-—-—

480 1649 525 1705 20.
544 1651 683 1706 ΣΟΛΩΝ.

69 1801 79 1850 1
174 1774 348 1864 Ἀθηναῖοι
363 1779 417 1846 καὶ
433 1785 605 1864 Μεγαρεῖς
620 1779 805 1865 ἐπολέμουν
821 1778 937 1874 χρόνῳ
951 1786 1063 1874 μακρῷ

105 1890 298 1969 Σαλαμῖνος
318 1882 405 1968 πέρι.
437 1877 643 1968 Ἡσσοόμενοι
659 1876 834 1968 Ἀθηναῖοι
854 1880 966 1971 νόμον
987 1885 1060 1954 ἐκό-

104 2004 217 2073 ρωσαν
227 2035 236 2069 ,
246 1978 264 2004 “
276 1987 327 2075 Τῷ
341 1979 562 2071 άγορεόσαντι
576 1990 675 2052 πλεῖν
688 1984 743 2052 ἐπὶ
758 1991 958 2071 Σαλαμῖνος
982 1987 1064 2077 μάχη

103 2084 249 2167 θάνατος
264 2082 384 2154 ἔστω”.
418 2081 635 2170 Σόλων,·τόν
655 2086 807 2155 θάνατον
826 2083 867 2155 οὐ
885 2092 1065 2178 φοβηθεὶς,

104 2189 177 2258 λόετ
191 2186 249 2257 τὸν
259 2187 374 2276 νόμον·
386 2188 505 2257 λύειδὲ
518 2178 594 2257 ὦδε.
615 2195 757 2258 Μανίαν
770 2184 1067 2280 ὑποκρίνεται,τταλ

104 2289 284 2382 προελθών
298 2296 345 2370 εἰς
359 2286 484 2379 άγοράν
506 2286 635 2378 ἐλεγεῖα
653 2283 731 2380 ᾖδε·
753 2288 793 2360 τά
813 2291 851 2361 δὲ
871 2293 1012 2382 ἐλεγεῖα
1028 2286 1068 2385 ἦν

88 2392 213 2485 ’Ἀρήϊα
227 2391 366 2486 ᾅσματα.
402 2392 537 2473 Τούτοις
556 2388 692 2484 ήγειρεν
711 2390 914 2483 Ἀθηναίους
936 2400 996 2469 gaz
1010 2396 1068 2490 τήν

103 2497 221 2587 μάχην.
245 2500 290 2565 Οἱ
300 2495 354 2580 δὲ,
368 2495 500 2584 κάτοχοι
512 2498 550 2566 ἐκ
564 2501 717 2565 Μουσῶν
731 2498 786 2566 καὶ
796 2493 932 2587 ”Αρεος,
948 2499 1069 2572 αὐτίκα

104 2628 140 2669 τε
151 2597 314 2688 άνήγουτο
324 2595 461 2690 ᾄδοντες
476 2596 560 2688 ὁμοῦ
573 2600 631 2668 καὶ
642 2596 861 2682 ἀλαλάζοντες
875 2603 934 2671 καλ
946 2612 1068 2694 Μεγα-

1071 1644 1104 2811 -μ--ῴ

105 2718 174 2793 ρεῖς
188 2698 270 2772 κατά
284 2701 403 2789 κράτος
417 2705 556 2771 ἐνίκων·
577 2703 633 2773 καλ
647 2701 750 2772 πάλιν
763 2698 785 2792 ἡ
797 2705 956 2792 Σαλαμὶς
963 2703 1068 2798 Ἀθη·

104 2812 211 2875 ναίων
234 2810 341 2893 κτῆμα
363 2795 416 2893 ήν.
449 2804 572 2875 Σόλων
596 2803 635 2874 (λλ
655 2803 743 2894 μάλα
762 2805 992 2898 ἐθαυμάζετο,
1014 2812 1069 2883 καλ

103 2906 162 2978 τόν
179 2906 284 2995 νόμον
308 2905 410 2988 λάσας
428 2912 470 2996 τῇ
490 2913 593 3001 μανία
611 2909 669 2978 καλ
689 2905 749 2977 τόν
762 2905 912 2998 πόλεμον
925 2913 1068 3005 νικήσας

102 3017 143 3100 τῇ
160 3014 315 3099 μουσικῇ.

68 3131 84 3181 2
171 3104 234 3183 Ἦν
256 3112 398 3200 πόλεμος
414 3108 606 3201 Ἀθηναίοις
625 3114 682 3182 καλ
694 3119 893 3204 Μεγαρεῦσι
905 3125 1063 3210 Σαλαμῖ-

101 3245 159 3297 νος
179 3217 273 3305 πέρι·
295 3214 418 3285 Σόλων
441 3221 605 3286 ἔπλευσεν
625 3217 681 3286 ἐπὶ
698 3218 895 3307 Κωλιάδος,
917 3226 1010 3293 ἔνθα
1031 3225 1064 3293 αλ

101 3334 260 3406 γυναῖκες
279 3317 433 3408 Δήμητρι
453 3315 571 3408 ἑορτήν
593 3320 730 3390 ἐτέλουν
750 3317 803 3391 ἐπ’
825 3317 914 3413 αὐτῇ
934 3328 978 3415 τῇ
997 3336 1060 3399 θα·

170 3551 237 3615 Cap.
250 3549 294 3602 20.
330 3553 356 3614 ἕ.
371 3542 396 3605 1.
410 3553 435 3602 2.
472 3551 515 3602 Ex
526 3551 599 3607 Plut.
613 3553 674 3604 vita
686 3552 742 3608 Sol.
756 3553 782 3604 8.
