2318 3892
100 183 140 245 62
488 174 673 237 BIBAION
805 268 810 277 ι

94 353 131 424 0
143 351 240 441 λόγος
251 354 313 420 τοῦ
325 354 513 439 στρατηγοῦ
524 346 652 437 θάρσος
665 345 813 431 ἐνέδωκε
825 358 902 429 τοῖς
909 346 1038 439 στρατιά
1059 343 1072 406 ῑε

100 485 188 544 ταις,
201 455 258 525 καὶ
272 453 456 544 προθύμως
469 449 719 540 ήκολούθησαν.

66 590 82 642 5
172 556 423 646 Ἐπαμινώνδας
446 556 656 643 ἐνέβαλενί
624 579 640 621 ε
655 580 672 632 ς
687 549 752 642 τήν
767 524 1042 644 Aaxmv'm'ffl

100 659 168 742 οἷός
180 689 216 731 τε
230 653 273 750 ήν
288 656 469 747 διαρπάσαι
483 655 545 746 τήν
558 660 844 745 Λακεδαιμονίων
857 654 977 727 πόλιν·
988 652 1045 725 ἄλλά

99 761 301 854 μεταγνούς,
328 758 389 848 οῦχ
406 757 575 848 ἁψάμενος
588 763 646 847 τής
660 757 789 839 πόλεως
801 754 997 843 ἀνέζευξεν.
1019 761 1046 829 (λ

100 868 323 956 συνάρχοντες
332 861 495 954 ἠπείλουν
509 858 600 955 αύτῷ
610 867 726 949 δίκην·
740 854 759 928 δ
774 859 813 930 δδ
829 866 954 945 δείξας
965 858 1049 943 αῦτσς

100 969 177 1052 τοῦς
204 967 398 1057 συμμάχους
420 962 599 1055 Ἀρκάδας,
636 969 860 1052 Μεσηνίους,
892 960 1050 1055 ’Λργείοτς

100 1075 157 1143 καὶ
181 1069 253 1142 ὅσοι
272 1068 366 1138 άλλοι
389 1065 676 1155 Πελοποννήσιοι,
692 1061 760 1135 “Ec
778 1073 1052 1159 Λακεδαιμονίου

100 1173 306 1252 άυαστάτους
320 1165 593 1258 πεποιήκειμεν”,
605 1174 682 1257 ἔφη,
692 1163 783 1239 “νῦν
796 1170 909 1260 ἐχρῆν
921 1164 1052 1243 πάσινῦι

100 1278 230 1356 τούτοις
242 1275 425 1364 μάχεσθαι·
442 1269 485 1355 ώς
495 1274 551 1342 καὶ
564 1276 629 1341 νῦν
644 1277 886 1359 συμμαχοῦσιν
902 1269 1051 1363 ήμίν,Λν

101 1385 337 1468 κεδαιμονίους
345 1379 602 1465 καθαιροῦντες,
616 1371 875 1462 ούχὶΘηβαίους
887 1370 1050 1461 αὔξοντες.π

68 1514 85 1566 ς
177 1478 427 1568 Ἐπαμινώνδας
443 1475 522 1556 τοῦς
537 1485 705 1565 Θηβαίους
727 1482 844 1547 ἔπεισε
867 1494 945 1561 τοῖς
963 1483 1053 1567 Mt

102 1589 202 1674 μοῦσι
222 1587 503 1669 Λακεδαιμονίων
530 1581 650 1659 ἐντοῖς
670 1587 876 1666 γυμνασίοις
898 1588 1052 1653 παλαίειν·

102 1693 136 1758 οί
148 1688 202 1773 δὲ,
225 1683 372 1764 εὐκόλως
393 1681 657 1771 καταβάλλοντες
679 1677 818 1769 αῦτοῦς,
840 1683 1054 1775 ἐδιδάχθησαν

102 1805 329 1880 καταφρονεῖν
355 1783 485 1870 αῦτών,
509 1786 566 1853 καί
589 1779 634 1864 ώς
655 1781 891 1875 ἀνδρειότεροι
912 1786 980 1859 τόν
996 1783 1053 1877 πρξ

103 1890 225 1973 αῦτοῦς
238 1891 385 1977 πόλεμον
400 1891 611 1976 θαρροῦντες
624 1885 817 1976 ἐξήνεγκαν.
930 1876 933 1883 ’

70 2017 85 2070 7
178 1991 431 2081 Ἐπαμινώνδας
445 1988 497 2060 άελ
513 1987 577 2078 τήν
590 1989 737 2078 δύναμιν
750 1986 818 2079 άμα
831 1986 929 2085 ήλίςύ
939 1996 1055 2083 προῆγε,

103 2098 206 2181 δόξαν
227 2098 377 2183 ἐμποιῶν
400 2089 444 2173 ώς
467 2095 504 2162 ἐκ
526 2097 586 2161 τοῦ
598 2097 785 2180 διαφανοῦς
800 2093 1056 2183 διαμάχοιτο·ίι

104 2203 141 2272 δὲ
171 2194 441 2289 Πελοποννήσῳ,
477 2193 599 2274 νυκτὸς
624 2192 811 2276 ἐπαναστάς
818 2247 829 2283 ,
864 2200 1057 2287 προσέπεσεν

103 2300 361 2394 ἀπροσδοκήτως
374 2303 653 2386 Λακεδαιμονίοις
671 2303 720 2368 ἔτι
733 2297 986 2373 καθεύδουσιν.

1063 469 1073 509 ι,

1066 554 1073 611 λ

1068 674 1074 713 l

69 2436 88 2491 g
177 2401 429 2494 Ἐπαμινώνδας
466 2397 580 2491 ήγεῖτο
625 2407 803 2489 Θηβαίων,
837 2400 1076 2495 Κλεάμβρνωί.

104 2512 382 2597 Λακεδαιμονίων
396 2505 453 2574 καὶ
466 2508 535 2573 τών
549 2503 750 2593 συμμάχων,
770 2512 1058 2597 τετρακισμυρίων.

100 2610 333 2682 Ἐδεδοίκεσαν
356 2612 389 2678 οί
414 2615 558 2696 Θηβαῖοι
583 2603 622 2676 τδ
644 2611 774 2696 πλῆθος
798 2611 869 2678 τών
890 2615 1060 2701 πολεμίων.

100 2712 355 2802 Ἐπαμινώνδας
376 2721 522 2800 θαρρεῖν
544 2704 669 2789 αύτούς
684 2716 810 2780 ’ἔπεισε
843 2712 927 2781 δυσὶ
958 2706 1061 2801 τεχνά·

105 2836 216 2905 σμασι.
253 2811 513 2901 Παρεσκεύασεν
539 2807 648 2902 άνδρα
666 2808 821 2899 άγνώτα,
841 2818 1062 2902 προελθοῦσιν

105 2917 218 3000 αῦτοίς
236 2922 295 3005 τής
311 2914 439 2996 πόλεως
452 2914 729 3003 ἐστεφανωμένον
741 2915 799 2985 καὶ
811 2922 946 2999 ταινίας
959 2923 1064 3007 ἔχοντα

105 3028 240 3113 πρώτον
260 3016 448 3109 άπανηήσαι
468 3014 693 3104 ιἰγγίλλοντα·
714 3012 775 3085 “Ὁ
801 3018 1003 3108 Τροφώνιός
1020 3045 1065 3110 μοι

106 3126 308 3216 προσέταξεν
332 3118 532 3209 άπαγγείλαι
553 3126 730 3209 Θηβαίοις,
754 3117 805 3190 ὅτι
827 3127 930 3211 νίκην
958 3128 1067 3195 δίδωσι

106 3242 175 3308 τοῖς
192 3225 333 3315 άρχουσι
350 3230 408 3348 τής
429 3224 544 3313 μάχης.
549 3219 568 3248 ”
603 3223 739 3294 Τώνδδ
753 3229 917 3313 Θηβαίων
941 3236 1067 3316 θαρση·

106 3328 240 3403 σάντων
262 3326 376 3396 καὶ
340 3356 403 3418 την
425 3331 485 3396 τοῦ
504 3331 590 3396 θεοῦ
609 3324 798 3416 πρόσθεσιν
811 3326 1081 3453 προσκυνησάν·ε

107 3463 191 3519 των,
214 3428 469 3518 Ἐπαμινώνδας
495 3430 651 3499 ἐκέλευσε
680 3431 737 3499 καὶ
759 3431 794 3511 ἐς
823 3426 862 3501 τό
876 3425 1071 3559 Ηρακλεῐρν

107 3536 270 3613 ἐλθόντας
297 3531 560 3621 προσεύξασθαι.
594 3521 657 3601 Ην
683 3530 770 3601 &W
748 3560 814 3622 αρα
836 3535 894 3603 καὶ
913 3532 1001 3627 πρός
1019 3531 1073 3605 τόν
