2318 3892
398 159 400 162 ’
464 183 657 245 marom
999 188 1037 247 τε

55 363 171 437 νίους
199 359 297 426 τοῦτο
325 353 500 444 μαθόντας
526 352 738 446 παρήγγειλε
759 355 805 447 μή
833 374 1039 447 παρατηρεῖν

55 457 154 539 τούς
168 455 438 547 αὐτομολοῦντας
451 464 612 540 Εἵλωτας.
643 464 690 529 Οί
700 460 757 547 δὲ,
772 460 915 550 μηδενός
928 488 1036 550 παρα-

55 562 320 652 φυλάττοντος,
344 557 470 649 ἀνέδην
492 559 780 651 αὐτομολήσαντες
794 560 956 653 ήγγειλαν
970 581 1038 645 τοῖς

55 671 264 754 Μεσηνίοις
276 661 339 751 τήν
352 660 518 753 ἀπόνοιαν
539 662 602 754 τήν
615 665 828 755 Λακωνικήν.
863 671 907 736 Οί
926 668 963 737 δὲ
976 695 1036 737 κα·

55 770 319 855 ταπλαγίντες,
334 763 580 857 ἀσθενέστερον
593 764 851 858 ἀγωνισάμενοι,
864 768 927 859 τήν
940 777 1038 859 νίκην
1054 811 1057 816 -

55 868 114 941 οὐ
134 869 192 941 διά
206 874 337 960 μακροῦ
349 875 629 959 Λακεδαιμονίοις
642 877 785 942 ἔδωκαν.

449 1031 489 1088 18
505 1035 663 1087 ΚΟΔΡΟΣ.

148 1138 344 1231 Ἀθηναίοις
370 1143 427 1211 καὶ
446 1149 732 1233 Πελοποννησίοις
760 1142 903 1231 πόλεμος
921 1135 976 1232 ήυ.
999 1140 1034 1212 ‘0

55 1245 155 1326 θεὸς
170 1251 288 1334 ἔχρησε
303 1251 403 1315 νικᾶν
422 1242 564 1337 Ἀθηναί
562 1274 676 1333 ους,ε
678 1242 728 1316 ίὸ
748 1245 906 1334 βασιλεὺς
921 1243 1035 1315 αὐτῶν

55 1344 250 1420 ἀποθάνοι
263 1344 346 1438 πρὸς
368 1344 492 1439 ἀνδρὸς
510 1355 797 1438 Πελοποννησίου.
835 1341 1013 1475 Κόδρος
993 1377 1036 1437 ην

55 1446 262 1540 Ἀθηναίων
288 1451 456 1577 βασιλεύς.
496 1457 542 1521 Οί
564 1451 831 1540 Πελοποννήσιοι
858 1451 895 1521 τό
922 1445 1036 1539 λόγιον

55 1553 220 1640 εἰδότες,
235 1551 351 1624 κοινὸν
364 1551 477 1633 αὐτοῖς
491 1552 710 1644 παράγγελμα
723 1544 766 1643 ήν
781 1557 819 1624 ἐν
833 1571 904 1636 ταις
917 1555 1036 1644 μάχαις

55 1656 258 1744 ἀπέχεσθαι
271 1655 418 1743 Κόδρου.
436 1652 472 1724 ‘0
488 1648 564 1743 δὲ,
544 1686 587 1745 ην
595 1685 660 1744 γαρ
675 1658 807 1742 εσπὲρα,
822 1663 929 1746 σχήμα
945 1684 1032 1744 φρυ-

55 1764 273 1886 γριυιστήρος
299 1757 429 1847 λαβάν,
457 1764 517 1828 τοῦ
544 1758 688 1855 χάρακος
713 1758 892 1848 προελθών
919 1765 1034 1846 ἔτεμνε

55 1862 136 1952 τήν
150 1858 247 1949 άλην.
253 1857 394 1985 Ἕτυχρυ
409 1861 447 1932 δδ
460 1889 517 1930 και
506 1861 798 1950 Πελοποννήσιοι
813 1857 934 1951 άυδρες
949 1860 1032 1930 κατά

55 1960 312 2057 φρυγανισμδν
345 1959 492 2052 ἥκοντες.
528 1960 706 2054 Αυιμαχει
735 1964 865 2048 τούτοις
890 1963 1032 2053 Κόδρος,

55 2067 159 2140 ὥστε
180 2068 236 2136 καί
254 2065 291 2136 τό
314 2068 483 2157 δρέπανον
503 2064 555 2137 ἐπ’
581 2066 704 2148 αὐτοὺς
732 2068 1033 2157 ἐπανατεινόμενος

55 2180 229 2261 ἔτρωσεν.
260 2175 305 2239 Οί
316 2170 354 2240 δὲ
366 2169 560 2258 φθάσαντες
573 2176 834 2241 κατακαίνουσιν
848 2168 951 2241 αὐτὸν
965 2185 1034 2250 τοῖς

55 2271 252 2365 δρεπάνοις
271 2275 328 2343 καλ
345 2270 550 2362 γαυυάμευοι
571 2270 826 2363 ἀπηλλάγησαν,
848 2269 893 2353 ὡς
907 2270 1032 2362 ἀνδρα-

55 2378 212 2469 γάθημα
223 2372 265 2464 δή
279 2374 507 2462 πεποιηκότες.
529 2381 783 2454 Παιωνίσαντες
794 2370 968 2464 Ἀθηναῖοι
986 2418 1030 2428 --

55 2487 101 2552 τί
113 2478 182 2567 γάρ
193 2483 352 2565 ἔμελλον,
366 2481 427 2546 τοῦ
437 2483 553 2564 λογίου
567 2478 850 2566 πεπληρωμένου;
866 2520 910 2531 -
929 2484 1030 2570 θυμῷ

55 2586 127 2654 καὶ
148 2579 244 2669 ῥώμη
268 2584 399 2648 πλείονι
418 2586 577 2669 προΐασιν
597 2581 630 2658 ἐς
651 2578 779 2668 μάχην,
806 2582 865 2666 καλ
882 2577 947 2670 πρὸ
976 2585 1033 2671 τής

55 2687 177 2777 μάχης
199 2681 330 2773 κήρυκα
350 2682 542 2772 πέμψαντες
563 2678 690 2772 ήτησαυ
703 2678 878 2773 ἀναίρεσιν
891 2690 952 2755 τοῦ
967 2693 1030 2773 βα-

55 2790 200 2866 σιλέως.
239 2783 509 2875 Πελοποννήσιοι
527 2786 607 2874 μὲν,
631 2786 794 2867 Ισυνέντες
813 2793 872 2877 τοῦ
894 2789 1029 2877 γεγονό-

60 2919 143 2977 τος,
167 2896 310 2978 ἒφυγον*
329 2887 503 2979 Ἀθηναῖοι
524 2890 562 2960 δὲ
583 2888 780 2978 νικήσαντες
789 2889 915 2983 ,Κόδρῳ
936 2891 1032 2978 τιμάς

60 2991 295 3082 ἀνεστήσαντο
320 2999 389 3062 τῶν
416 2989 554 3082 ήράων,
594 2989 710 3081 ὅτιπερ
744 2990 822 3073 τούς
852 3000 1032 3081 πολεμίους

63 3102 215 3190 ἑκουσίῳ
229 3095 368 3189 θανάτῳ
386 3094 703 3185 κατεστρατήγησεν.

415 3258 454 3316 lo.
471 3259 686 3314 ΜΕΛΑΝΘΟΣ.

144 3368 340 3456 Ἀθηναίων,
359 3367 540 3457 στρατηγὸς
570 3359 613 3456 ήν
638 3369 837 3452 Μέλανθος,
872 3372 1030 3437 Βοιωτῶν

59 3509 297 3525 ...-----—-

139 3569 207 3635 Cap.
222 3570 263 3621 19.
299 3568 342 3618 Ex
354 3565 464 3633 Ephoto
475 3566 538 3618 coll.
553 3555 687 3632 Ηετμοοτ.
700 3555 876 3631 Ἀπατούρια.
