2318 3892
150 204 191 265 24
540 199 725 263 BIBAION

148 404 187 465 γε
200 379 269 444 νῦν
283 369 499 461 πολεμίαν”,
521 380 601 460 ἔφη·
621 367 640 396 “
652 369 694 442 ού
707 368 771 461 γάρ
793 365 836 441 άν
852 375 963 459 θείην
978 366 1040 458 τήν
1052 377 1104 439 Σα-

149 490 272 566 λαμῖνα
291 473 308 545 ὁ
329 475 410 556 θεὸς
432 472 681 564 άνηγόρευσεν,
710 485 739 544 ελ
769 480 910 564 ἔμελλεν
940 470 1106 543 ἀπολλύειν
1135 498 1154 535 ’.

151 580 190 651 τὰ
204 581 303 649 τέκνα
317 585 386 649 τῶν
395 575 597 666 Ἑλλήνων.”
628 584 733 648 Τοῦτο
741 576 863 665 λεχθὲν
875 575 1016 665 θάρσος
1025 574 1107 663 Ἀθη·

151 691 258 763 ναίοις
271 684 396 767 έδὼκε,
410 683 466 750 καὶ
479 679 499 769 ή
512 689 589 769 νίκη
602 679 664 769 τῆν
679 679 834 770 ἐξήγησιν
847 676 1071 750 ἐπιστώσατο.

101 793 171 874 2(l)
236 792 301 855 Τοῦ
319 791 405 855 θεοῦ
421 783 619 872 χρήσαντος,
1136 782 1140 795 ’

208 896 320 976 Τεῖχος
341 897 532 975 Τριτογενεῖ
547 887 683 970 ξύλινον
696 889 786 954 διδοῖ
800 879 958 968 εὐρύοπα
973 880 1076 970 Ζεύς,

153 997 187 1061 οἱ
199 991 260 1079 μὲν
275 989 370 1060 άλλοι
388 986 561 1078 Ἀθηναῖοι
576 995 728 1074 τειχίζειν
751 985 813 1075 τήν
832 983 1030 1074 ἀκρόπολιν
1049 982 1111 1075 ῆγύ-
1148 1062 1154 1075 .

153 1121 272 1181 ρενον,
287 1097 511 1179 Θεμιστοκλῆς
525 1092 562 1161 δὲ
582 1094 615 1171 ἐς
628 1089 689 1169 τάς
698 1086 844 1179 τριήρεις
858 1090 1064 1177 ἐμβαίνειν,
1082 1083 1114 1167 ῦς

154 1197 275 1274 ταύτας
289 1192 389 1273 οῦσας
402 1193 439 1263 τύ
453 1192 589 1276 ξύλινον
602 1208 709 1280 τεῖχος
722 1198 789 1261 τῶν
799 1189 1014 1279 Ἀθηναίων.
1024 1188 1113 1261 Ἐπεί·

154 1310 303 1386 σθησαν,
319 1299 505 1386 ἐπέβησαν,
520 1295 774 1385 ἐναυμάχησαν,
795 1297 971 1382 ἐνίκησαν.
1118 1326 1129 1360 ι

103 1403 173 1486 3(·2)
232 1405 457 1489 Θεμιστοκλῆς
480 1400 651 1486 ἐναυλόχει
672 1399 959 1487 περλΣαλαμλνοι·
975 1393 1112 1478 τοίςἝλ·

156 1511 253 1590 λησιν
283 1501 393 1570 ἐδόκει
423 1502 582 1591 φεύγειν,
616 1510 835 1589 Θεμιστοκλεῖ
866 1502 1113 1588 ναυμαχείνὲτ

155 1610 256 1696 στενῆ
270 1604 437 1694 θαλάσση.
463 1601 520 1684 Ὡς
535 1605 572 1674 δὲ
586 1606 701 1692 με’νειν
714 1600 776 1672 οῦκ
792 1610 953 1689 ἔπειθεν,
975 1594 1026 1692 ῆν
1038 1600 1113 1694 αύτῆ

155 1714 316 1788 Σίκιννος
330 1705 487 1794 εῦνοῦχος
500 1704 714 1794 παιδαγωγὸς
727 1721 800 1775 τοῖν
813 1709 974 1791 παίδοιν,
989 1705 1113 1790 νύκτωρ

156 1809 216 1880 τὸν
230 1818 395 1880 Σίκιννον
407 1815 527 1879 τοῦτον
543 1806 587 1889 ῦς
607 1812 747 1898 βασιλέα
760 1809 901 1897 πέμπει,
925 1808 1113 1897 μηνύσοντα

156 1909 229 1979 κατ’
248 1911 386 1982 εῦνοιαν
407 1919 515 2000 δῆθεν
535 1909 585 1988 ὅτι
606 1909 847 1998 ἀποδιδράσκει
861 1907 899 1979 τύ
911 1904 1113 2001 Ἑλληνικόν·

156 2012 240 2083 ἄλλά
254 2014 425 2102 ναυμάχει.
452 2021 616 2083 Πείθεται
630 2011 787 2101 βασιλεῦς
800 2015 855 2082 καλ
868 2030 1060 2103 νανμαχεῑ,
1072 2015 1115 2085 καλ

157 2115 194 2186 τὸ
215 2122 345 2203 πλῆθος
358 2123 427 2187 τῦν
437 2120 584 2204 τριήρων
597 2119 798 2204 συνέτριψεν
811 2112 945 2206 ήστενῆ
956 2118 1114 2189 θάλασσα·

157 2225 191 2290 οί
205 2216 408 2308 δδἝλληνες
429 2217 567 2301 άκοντες
587 2225 746 2327 ἐνίκησαν
765 2225 806 2308 τῆ
823 2226 929 2311 σοφίᾳ
947 2226 1014 2291 τοῦ
1026 2242 1114 2311 στρα·

156 2350 270 2411 τηγον.
1125 2348 1139 2390 ιι

107 2430 175 2515 4(3)
200 2514 203 2520 .
237 2430 281 2494 Οί
291 2422 465 2512 Ἕλληνες,
479 2422 677 2512 νικήσαντες
687 2426 724 2492 ἐν
737 2432 923 2512 Σαλαμῖνι,
935 2424 1116 2512 βουλεύου·
1144 2456 1150 2467 “

156 2555 209 2596 ται
224 2536 322 2597 πλεῖν
337 2524 392 2614 ἐφ’
404 2523 648 2615 Ἑλλήσποντον
661 2527 717 2594 καλ
734 2524 771 2596 τύ
794 2533 917 2614 ζεῦγμα
931 2526 1052 2617 λύσιν,
1070 2534 1118 2599 ἵνα

157 2629 315 2716 βασιλεῦς
334 2629 378 2718 μή
394 2630 502 2718 φύγη·
519 2633 743 2717 Θεμιστοκλῆς
757 2626 1059 2717 άντιβουλεῦεται,
1072 2633 1118 2701 λέ·

157 2759 245 2818 γιον,
263 2727 449 2811 “Βασιλεῦς
468 2729 680 2819 ἀποληφθεὶς
694 2730 910 2820 ύναμαχελται
923 2732 1030 2820 τάχα·
1044 2742 1118 2805 πολ·

157 2832 252 2915 λάκις
275 2835 311 2904 δὲ
325 2831 467 2903 άπύνοια
483 2840 641 2918 δίδωσιν,
661 2830 722 2902 ὅσα
737 2832 782 2922 μῆ
799 2841 926 2905 ἔδωκεν
941 2830 1146 2925 άνδρεία.”ι

156 2939 286 3024 Πέμπει
309 2936 349 3026 δή
365 2937 466 3006 πάλιν
487 2933 530 3016 ὡς
544 2937 682 3024 βασιλέα
703 2934 865 3025 εὐνοῦχον
887 2932 994 3008 άλλον
1004 2935 1119 3030 Ἀρσά

157 3068 235 3128 κην,
257 3035 379 3109 οῦτωσλ
391 3036 681 3129 προαγορεύοντα·
700 3044 730 3108 εί
743 3036 787 3126 μή
803 3038 905 3126 φύγοι
920 3038 979 3109 διὰ
991 3038 1121 3130 τάχους,

156 3137 177 3229 ή
205 3144 336 3230 γέφυρα
361 3147 421 3211 τοῦ
444 3138 688 3230 Ἑλλησπόντου
721 3142 904 3211 διαλύεται.
957 3143 1122 3231 Βασιλεύς

157 3249 283 3329 ἔδεισε,
306 3247 362 3313 καὶ
383 3243 517 3332 φθάσας
539 3242 577 3313 τὸ
596 3241 791 3334 Ἑλληνικὸν
811 3246 907 3334 διέβη
925 3243 965 3315 τύ
986 3252 1122 3338 ζεῦγμα,

157 3410 400 3428 n———n——n-——'

226 3509 284 3574 Cap
311 3508 354 3562 30.
390 3513 413 3571 ξ.
433 3511 458 3560 2.
495 3511 536 3560 Ex
555 3509 648 3559 Herod
677 3510 875 3574 7,141-143.

225 3578 291 3642 Cap.
311 3576 353 3628 30.
390 3582 415 3641 §-
435 3578 461 3630 3.
480 3580 504 3629 4.
541 3577 884 3632 Plut.‘rhemist.12.1ss.
