2318 3892
68 185 129 247 316
456 184 639 244 BIBAION

68 379 178 447 μησαυ
204 358 259 427 καὶ
285 355 347 447 τήν
367 355 465 426 πόλιν
486 353 547 426 ἀπ’
568 353 669 446 αῦτής
689 353 877 446 Λάμψακον
903 336 1020 447 άνηγό-

69 483 203 550 ρευσαν.

410 638 453 693 ³8.
473 640 697 693 ΑΡΕΤΑΦΙΛΑ.
808 678 811 683 -

144 766 355 853 Νικοκράτης
370 772 575 855 Κυρηναίων
597 764 761 855 τύραννος
777 762 860 837 άλλα
870 793 908 836 τε
922 765 1024 837 πολλά

68 873 124 939 καὶ
146 869 241 940 δεινά
262 868 436 959 εἰργάσατο
451 867 529 949 τοῦς
542 876 692 954 πολίτας,
713 869 770 938 καὶ
792 867 835 959 δή
857 867 920 942 τὸν
937 873 1041 961 ίερέαι

69 980 128 1043 τοῦ
139 970 345 1051 ’Λπόλλωνος
359 972 586 1041 Μελάνιππον
605 969 773 1061 αὐτοχειρὶ
792 980 926 1055 κτείνας
933 1025 946 1063 ,
965 1002 1022 1063 γυ-

68 1093 168 1146 ναῖκα
182 1074 287 1145 αῦτοῦ
296 1073 516 1163 Ἀρεταφίλαν
529 1072 636 1163 καλήν
654 1066 762 1144 οὖσαν
782 1081 927 1164 ἔγημεν·
949 1074 971 1167 ή
990 1076 1024 1147 δέ

68 1175 154 1267 ὑπὲρ
175 1184 236 1270 τῆς,
255 1183 414 1264 πατρίδος
432 1180 489 1246 καί
508 1183 569 1245 τοῦ
590 1174 711 1266 ἀνδρὸς
724 1174 882 1248 τίδασθαι
897 1177 959 1250 τὸν
971 1179 1024 1249 τῦ-

69 1279 201 1370 ρανυοά
216 1280 428 1363 ἐσπούδαζεν.
468 1278 512 1349 Τὸ
526 1280 588 1369 μὲν
603 1279 644 1368 δή
659 1286 793 1370 πρῶτον
812 1282 1025 1370 ἐπιβουλεύει
1065 1328 1067 1379 i

69 1383 272 1472 φαρμάκοις·
289 1379 416 1452 άλοῦσα
430 1381 462 1452 δ’
481 1389 629 1471 ἔφασκεν
647 1380 688 1453 οὐ
703 1383 921 1474 δηλητήριον,
942 1382 1024 1456 άλλά
1039 1386 1067 1455 οἷ

69 1495 209 1575 φίλτρον
228 1485 496 1575 παρασκευάσαι,
519 1483 608 1566 ὅπως
629 1488 757 1574 ἐρῶντα
771 1483 874 1577 αῦτής
888 1493 958 1577 ἔχοι
971 1487 1027 1558 τὸν
1065 1494 1067 1501 '

68 1588 185 1678 ἄνδρα.
214 1586 258 1659 Ἡ
274 1589 380 1679 μήτηρ
399 1596 458 1658 τοῦ
477 1589 645 1677 τυράννου
665 1595 843 1676 βασανίσαι
864 1589 928 1680 τήν
937 1589 1026 1684 Ἀρε-

68 1700 214 1782 ταφίλαν
246 1690 509 1780 συνεβούλευσε·
544 1693 600 1761 καί
627 1691 670 1779 δή
698 1699 945 1780 βασανισθελσα
965 1724 1027 1783 μα·

69 1812 161 1883 κροίς
187 1798 244 1864 καί
272 1811 404 1882 πικροῖς
434 1801 703 1883 βασανιστηρίοις
738 1793 893 1886 άντέσχε,
922 1799 1029 1888 μηδὲν

69 1902 171 1969 πλέον
199 1894 405 1986 ὁμολογοῦσα
431 1907 583 1986 φίλτρου.
621 1893 656 1965 ‘0
675 1895 838 1988 τύραννος
862 1895 908 1980 ῶς
927 1899 1028 1972 οῦδὲν
1040 1944 1056 1983 1⁵

68 2001 253 2071 ἀδικοῦσαν
267 1999 375 2089 άφήκε
389 2003 444 2068 καὶ
459 2006 629 2068 συνοῦσαν
644 2000 749 2088 εἶχεν,
773 2004 830 2071 καὶ
847 2005 953 2075 πλέον
966 2002 1028 2077 αῦ-

68 2105 129 2192 τήν
155 2103 364 2191 ἐθεράπευεν
384 2098 428 2181 ῶς
441 2111 706 2190 βασανισθείσαυ
720 2101 760 2174 οῦ
774 2110 932 2188 δικαίως·
952 2105 974 2199 ή
992 2107 1028 2178 δέ

69 2209 240 2294 θυγατέρα
258 2213 379 2294 ἔχουσα
396 2202 466 2296 ῶρηι
480 2208 536 2274 καί
550 2205 664 2275 κάλλει
683 2209 933 2298 διαφέρουσαν,
945 2211 1025 2282 ταῦ·

69 2339 131 2399 την
156 2306 288 2396 ὑφῆκεν
311 2307 448 2400 άδελφῷ
469 2314 529 2378 τοῦ
550 2307 719 2396 τυράννου
732 2321 895 2398 μειρακίιι
913 2315 1025 2384 Λαάν·

70 2420 150 2506 δρφ.
168 2409 203 2480 ‘0
218 2414 255 2481 δέ
267 2409 368 2492 άλοῦς
382 2416 479 2500 ἔρωτι
495 2422 682 2499 παρακαλεῖ
692 2409 751 2482 τὸν
761 2410 913 2504 άδελφῦν
926 2423 1027 2507 γήμαι
1037 2464 1053 2505 η

69 2514 130 2604 τήν
145 2515 258 2604 κόρην.
275 2514 416 2603 ’Έγημε,
435 2517 490 2583 καὶ
506 2520 546 2605 πή
561 2517 658 2603 μητρὶ
679 2521 738 2605 τήε
760 2517 861 2607 κόρης
881 2531 1025 2608 πειθαρ-

69 2625 138 2706 χῶν
151 2616 212 2687 ὑπ’
228 2616 329 2707 αῦτής
341 2625 495 2687 πείθεται
506 2617 567 2706 τήν
582 2619 680 2688 πόλιν
694 2622 939 2709 ἐλευθερῶσαι·
959 2619 978 2694 ὁ
992 2622 1027 2692 δέ

70 2727 272 2807 διαφθείρας
285 2721 440 2808 Δάφνιν,
454 2720 683 2809 κατευναστήν
695 2727 755 2792 τοῦ
768 2723 959 2814 τυράννου,
974 2724 1029 2796 διά

68 2824 189 2896 τοῦτον
202 2823 261 2892 τόν
277 2824 492 2910 Νικοκράτην
508 2825 714 2912 διεχρήσατο.

445 3002 488 3058 ³⁹.
505 3006 645 3058 ΚΑΜΜΑ.

152 3139 226 3201 Τῶν
256 3135 293 3202 ἔν
311 3138 459 3219 Γαλατίᾳ
481 3136 670 3219 τετραρχῶν
693 3121 779 3219 ήσαν
799 3130 941 3221 Σινόριξ
972 3134 1051 3205 καί·

69 3234 221 3313 Σινάτος.
268 3239 336 3303 Τοῦ
354 3231 504 3303 Σινάτου
532 3232 636 3321 γυνή,
663 3233 778 3304 κάλλει
798 3232 953 3323 σῶματος
972 3238 1027 3307 καὶ

138 3500 205 3566 Cap.
222 3501 264 3553 38.
301 3501 344 3550 Ex
361 3498 433 3551 Plut.
452 3498 517 3550 ibid.
540 3500 582 3552 19.

137 3568 203 3634 Cap.
222 3569 265 3621 39.
300 3571 343 3619 Ex
360 3569 433 3621 Plut.
453 3570 520 3626 ibid.
539 3569 582 3620 20.
