2318 3892
150 176 211 239 ιεε
539 175 725 237 ειοΛιον
1144 56 1151 231 δ

144 346 334 437 Ἡρόφυτον
352 343 513 434 Ἐφέσιον.
556 350 601 415 Οί
620 345 657 416 δὲ
686 349 886 435 παραχρῆμα
906 345 1116 428 ἐπιλέξαντες

149 449 227 528 τούς
248 455 458 537 τριακοσίους
479 455 642 537 ἔπεμψαν.
680 448 889 534 Μαύσωλος,
909 446 1031 536 λαβών
1044 448 1116 518 τού·
1147 488 1151 519 ³

149 580 228 631 τους
243 555 297 620 καὶ
311 550 373 640 τὴν
387 549 493 638 όλλην
507 551 654 639 δύναμιν
668 557 773 638 ἔχων,
794 546 886 640 παρά
897 549 963 640 τὴν
973 550 1117 640 ’Λάτμον

149 653 343 744 ἐπορεύετο,
357 659 505 741 βαδίζων
518 657 551 733 ἐς
568 653 607 722 τά
622 652 771 740 Πύγελα.
810 658 857 721 Οί
873 652 912 722 δὲ
926 656 965 723 ἐκ
981 658 1045 742 τῆς
1058 653 1115 723 πό-

149 766 232 836 λεως
246 757 367 835 πάντες
381 757 524 844 ἐξῆλθον
537 757 591 824 ἐπὶ
605 754 667 844 τὴν
681 757 768 824 θέαν
777 759 835 843 τῆς
848 755 1040 844 παριούσης
1053 762 1112 826 δυ·
1129 786 1137 823 ι

147 860 289 948 νάμεως.
322 856 457 947 Ἐυέδρα
477 857 514 926 δέ
530 857 729 926 Μαυσώλου
742 855 1022 946 πολυάνθρωπος
1035 885 1115 947 προ·

149 963 445 1050 παρεσκευασμένη
468 960 603 1048 νύκτωρ
630 953 897 1049 προκατελάβετο
924 958 992 1048 τὴν
1018 961 1117 1032 πόλιν

147 1062 268 1152 κενὴν,
291 1060 516 1158 ἀνεῳγμένων
541 1068 610 1130 τῶν
636 1067 772 1147 πυλῶν,
799 1063 856 1130 καὶ
877 1058 897 1131 ὁ
918 1062 1115 1143 Μαύσωλος

148 1164 348 1254 ἐπιστρέψας
369 1171 507 1253 εἰσῆλθε
527 1163 610 1249 μετόι
632 1169 691 1254 τῆς
711 1163 887 1253 δυνάμεως
908 1160 1047 1254 ἁπάσης
1060 1167 1113 1234 καλ

147 1268 285 1356 Λάτμον
298 1266 415 1356 κύριος
430 1266 581 1353 κατέστη.
975 1337 976 1340 ¹
1125 1289 1137 1328 ιι

532 1443 574 1499 24.
588 1447 723 1498 ΒΟΙἮΣ.

223 1570 330 1659 Βόγης
347 1568 476 1649 Ἠιόνος
496 1575 554 1658 τῆς
573 1573 627 1639 ἐπὶ
641 1568 839 1658 Στρυμόνος
865 1559 965 1657 ἦρχε,
996 1569 1112 1650 δόντος
1146 1610 1150 1619 -

147 1671 237 1767 αύτῷ
259 1672 321 1762 τὴν
344 1669 450 1761 ἀρχὴν
469 1673 618 1759 μεγάλου
640 1674 813 1759 βασιλέως.
846 1667 1010 1771 Ἕλληηες
1036 1675 1111 1742 ἐπο-

150 1773 309 1865 λιόρκουν
328 1775 389 1865 τὴν
402 1774 533 1843 Ἠϊόνα·
549 1772 566 1844 ὁ
582 1776 618 1843 δὲ
633 1774 740 1862 Βόγης
760 1775 815 1842 ἐπὶ
827 1772 957 1861 μακρόν
971 1771 1110 1861 άντέσχε

146 1883 190 1970 τῇ
205 1885 390 1968 πολιορκίᾳ.
417 1873 473 1956 Ὡς
495 1877 533 1946 δέ
554 1874 779 1966 ἀπηγόρευεν,
797 1872 860 1962 οὐχ
875 1871 1063 1965 ὑπομένων
1075 1875 1109 1946 τό
1121 1904 1135 1943 ιι

147 1979 395 2049 πιστευθλνέκ
415 1980 578 2066 βασιλέως
599 1984 722 2069 χωρίον
740 1983 911 2065 πολεμίοις
933 1981 1110 2068 προέσθαι,

146 2087 187 2169 τῇ
202 2082 296 2151 πόλει
311 2086 379 2170 πῦρ
399 2084 520 2166 ἐνῆκεν
527 2131 537 2165 ,
554 2079 638 2149 όόστε
659 2078 758 2160 αὐτός
777 2107 813 2149 τε
833 2076 926 2169 καλό]
945 2079 1037 2172 γυνη
1058 2082 1111 2152 καλ

151 2181 192 2252 τδι
207 2187 306 2254 τίκνα
321 2185 377 2252 καλ
392 2179 413 2273 ἡ
427 2182 523 2263 πόλις
537 2179 621 2271 ὁμού
635 2184 967 2271 συγκατεφλέγησαν.

462 2361 503 2417 25.
515 2365 788 2418 ’ΔΡΟΜΙΧΑΙΤΗΣ

221 2492 446 2577 Δρομιχαίτης
461 2492 604 2578 Θρᾳκῶν
623 2485 798 2574 βασιλεὺς,
818 2494 1013 2576 Λυσίμαχος
1026 2495 1108 2557 Μα·
1125 2517 1143 2555 ιι

146 2590 306 2665 κεδόνων.
335 2585 602 2678 Ἐστράτευσενό
622 2588 797 2659 Μακεδὼν
811 2590 865 2659 ἐπὶ
877 2587 941 2679 τὴν
958 2589 1109 2682 Θράκην.

141 2689 175 2760 Ὁ
192 2695 280 2780 Θρᾷξ
294 2690 353 2760 τὸν
368 2693 554 2762 Μακεδόνα
568 2692 761 2779 ἐξηπάτησε.
796 2689 992 2781 Στρατηγός
1004 2689 1111 2761 αὐτού

146 2793 284 2880 Σεύθης
304 2790 486 2880 αὐτόμολος
510 2795 552 2883 δὴ
571 2792 653 2882 πρὸς
673 2801 870 2881 Λυσίμαχον
888 2790 985 2882 ἥκειν
1010 2793 1106 2882 ἐσκή-

146 2911 247 2981 ψατο,
269 2897 325 2963 καλ
346 2894 461 2974 πιστός
483 2896 570 2965 εἶναι
585 2895 682 2977 δόξας
698 2900 731 2976 ἐς
745 2902 935 2985 δυσχωρίας
948 2892 1109 2984 ἐμβάλλει

144 2997 223 3080 τούς
235 2997 456 3085 Μακεδόνας,
478 3004 564 3066 ἔνθα
585 3004 671 3090 λιμῷ
685 3001 742 3067 καὶ
761 3005 851 3081 δίψει
865 3003 1106 3069 κακοπαθούν·
1123 3025 1144 3065 ιε

144 3128 202 3180 τας
227 3107 453 3189 Δρομιχαίτης
485 3099 685 3188 προσπεσών
720 3099 824 3170 αύτόν
848 3128 886 3170 τε
910 3107 1109 3189 Λυσίμαχον

144 3204 201 3281 καὶ
214 3201 292 3282 τούς
305 3201 379 3290 μετ’
394 3201 499 3273 αὐτού
512 3203 638 3284 πάντας
652 3201 795 3273 άνεϊλεν.
817 3195 925 3275 Ἦσαν
939 3205 975 3273 ολ
986 3201 1107 3274 πεσόν-

143 3332 197 3385 τες
212 3306 430 3393 Λυσιμάχειοι
443 3303 579 3394 ἀνδρῶν
591 3306 752 3395 μυριάδες
760 3307 857 3377 δέκα.

213 3534 280 3600 Cap.
301 3536 343 3587 24.
380 3536 423 3586 Ex
439 3535 581 3588 Herodoto
598 3536 631 3602 7,
649 3535 709 3588 107.
