2318 3892
372 169 607 246 'TETAPTON
912 183 970 246 127

43 357 72 434 λς
85 349 201 433 πόλεις
211 357 352 441 πορθάν
370 353 516 443 φανερός
528 345 580 444 ήν.
606 357 748 425 Βοιωτοὶ
761 357 798 426 δὲ
811 354 872 445 οόχ
884 353 969 427 όπο-

43 459 172 535 ένοντες
195 451 279 543 ὁράν
298 453 356 537 τάς
377 457 490 538 πόλεις
508 460 759 547 πορθουμένας,
783 465 971 549 κατέβησαν

43 557 80 630 τό
98 563 161 628 τοῦ
180 555 288 648 ὅρους.
322 566 488 640 Φίλιππος
507 556 718 650 ὑποστρέψας
731 559 787 632 διά
798 568 859 633 τοῦ
872 561 970 653 ὅρους

43 665 258 746 ,εξεπαίσατο

90 771 558 845 ΦίλιπποςτοῑςΜεθωναίων
571 772 692 854 τείχεσι
699 773 969 856 κλίμακαςπροσ-
988 791 1020 840 15

43 895 150 957 ευμεν,
165 870 221 937 καί
235 865 282 937 δι’
297 865 562 949 αότιόνπολλούς
575 869 778 950 Μακεδόνας
789 867 969 959 ἀνεβίβασε

42 970 243 1060 ολιορκητάς.
265 967 355 1040 Ἐπεὶ
369 971 406 1041 δὲ
419 967 589 1060 άνέβησαν
604 973 660 1041 ἐπὶ
672 970 712 1041 τά
725 980 834 1062 τείχη,
850 973 969 1062 άφελλε

42 1071 73 1158 ἐς
86 1081 265 1163 κλίμακας,
287 1071 376 1155 ὅπως
395 1077 515 1145 ἐλπίδα
529 1078 591 1144 τοῦ
604 1081 788 1165 καταβῆναι
801 1076 846 1167 μή
872 1085 967 1166 ἔχον·
991 1106 997 1116 “

42 1185 67 1260 ις’
82 1176 336 1267 προθυμότερον
347 1183 416 1248 τοῖν
429 1184 548 1266 τειχῶν
562 1179 773 1268 κρατήσειαν.

91 1288 258 1362 Φίλιππος
277 1282 437 1369 ἐνέβαλεν
456 1286 490 1362 ἐς
508 1280 571 1372 τήν
590 1279 776 1371 Ὀρβηλίων
795 1284 922 1372 χάραν·
945 1280 966 1373 ή
985 1310 1017 1362 16

41 1387 53 1454 έ
67 1385 139 1454 ἐστι
152 1385 376 1473 φαραγγώδης
387 1385 444 1454 καὶ
461 1391 587 1455 δασεῖα.
613 1390 885 1475 Καταδυομένων
898 1392 968 1456 τῶν

42 1485 193 1578 ιρβάρων
209 1490 245 1566 ἐς
263 1485 303 1555 τά
317 1485 400 1575 άλση
414 1486 562 1568 καὶτοὺς
576 1488 746 1578 θάμνους,
766 1489 968 1581 θηρευτικάς

41 1589 115 1672 όνας
135 1588 257 1669 πολλάς
277 1588 454 1679 ἐξήγαγεν,
475 1598 511 1660 αἳ
529 1589 606 1670 τούς
619 1600 798 1680 πολεμίους
819 1593 964 1682 ἐξιχνεύ-

41 1713 108 1763 ισαι
120 1690 199 1773 τοός
212 1699 387 1774 πλείστους
405 1689 517 1762 αὐτῶν
533 1690 711 1781 ἐθήρευον.
840 1717 848 1732 ·

88 1803 255 1876 Φίλιππος
280 1793 479 1884 Ἀμφίπολιν
507 1793 751 1883 άπαιτοάμενος
777 1791 844 1865 ὑπὸ
864 1793 965 1884 Ἀθη·
984 1818 1016 1872 17

41 1906 135 1986 ιίων,
161 1896 245 1988 ὁμοῦ
274 1899 312 1968 δὲ
335 1901 391 1969 καί
408 1896 579 1989 Ἰλλυριοῖς
600 1905 774 1989 πολεμῶν,
803 1896 866 1969 οὐκ
884 1897 965 1969 άπέ-

41 2030 137 2089 οκεν,
157 1999 232 2072 ἀλλ’
254 1999 386 2091 άφήκεν
409 2005 611 2094 ἐλευθέραν·
631 2000 804 2092 Ἀθηναῖοι
823 2004 871 2091 δὲΙ
883 2000 967 2092 ήγά-

41 2126 120 2196 ησαν
133 2103 170 2174 τὸ
184 2108 371 2193 ἐλευθέραν
382 2101 553 2194 άφεϊσθαι.
582 2114 765 2193 Φίλιππος,
786 2103 885 2177 ὁπότε
898 2113 967 2176 τῶν

40 2213 178 2298 ,λυριῶν
196 2207 361 2299 κρατήσας
386 2217 485 2298 μείζω
508 2209 654 2299 δύναμιν
671 2208 846 2300 ἐκτήσατο,
871 2239 965 2298 τηνι-

40 2319 117 2382 ιῦτα
138 2310 240 2383 πάλιν
248 2309 449 2401 Ἀμφίπολιν
461 2315 635 2401 κατέσχεν,
651 2309 843 2402 Ἀθηναίων
863 2339 964 2381 κατα-

40 2414 192 2506 ρουήσας.

87 2524 254 2598 Φίλιππος
267 2515 455 2604 ἐπολιόρκει
469 2517 672 2607 Φαρκηδόνα
689 2517 789 2587 πόλιν
802 2525 964 2586 Θεσσαλι-
986 2529 1017 2583 18

40 2623 86 2711 ήν·
102 2618 328 2710 Φαρκηδόνιοι
343 2620 543 2709 παρέδωκαν
556 2618 619 2708 τήν
633 2619 741 2689 πόλιν.
767 2616 825 2699 Ὡς
837 2619 875 2689 δέ
896 2626 964 2690 είσ-

39 2737 118 2794 λθον
157 2730 192 2794 οί
224 2730 418 2793 Φιλίππειοι
454 2722 675 2813 μισθοφόροι,
712 2730 967 2813 περιπταίουσιν

39 2831 147 2919 νέδρηι·
167 2830 284 2898 πολλοὶ
299 2824 364 2916 γάρ
378 2822 519 2896 άπδτῶν
535 2831 664 2913 στεμιόν
676 2828 732 2896 καί
744 2833 813 2897 τῶν
826 2827 967 2915 πόρνον

39 2940 153 3000 λαλλον
174 2933 231 3000 καί
251 2928 433 3020 ἠκόντιζον.
458 2936 624 3009 Φίλιππος
642 2928 725 3020 πρὸς
743 2928 806 3019 τήν
824 2933 967 3017 ἐνέδραν

39 3037 108 3114 ᾑέως
125 3029 441 3124 άντεστρατήγησευ.
471 3023 534 3102 Ἠν
546 3031 587 3101 τά
608 3031 753 3103 όπισθευ
764 3037 822 3121 τής
839 3031 967 3112 πόλεως

39 3165 135 3226 ιημα,
154 3143 222 3206 ταῖν
235 3141 381 3206 πολιτῶν
393 3135 658 3224 συνδραμόντων
672 3138 727 3205 ἐπὶ
740 3133 801 3223 τήν
815 3136 966 3225 ἐνέδραν.

39 3238 104 3309 ἀτὰ
122 3245 227 3309 ταῦτα
246 3238 324 3320 τοὺς
344 3237 548 3319 Μακεδόνας
568 3239 792 3328 προσβάλλειν
812 3241 967 3308 ἐκέλευσε

39 3347 65 3412 ιλ
85 3347 303 3433 προστιθέναι
323 3347 494 3430 κλίμακας.
524 3338 739 3427 Ἀναβάντων
760 3340 799 3410 δέ
824 3337 909 3429 ὑπὲρ
929 3342 967 3411 τό

38 3462 130 3534 ελχος,
152 3451 187 3516 οί
199 3445 442 3536 Φαρκηδόνιοι,
464 3449 525 3513 τοῦ
543 3444 681 3533 βάλλειν
700 3441 778 3525 τούς
800 3445 966 3534 μισθοφό-

38 3578 89 3631 ιυς
112 3547 351 3638 άποσχόμενοι,
371 3553 503 3636 σπουδή
522 3553 624 3618 ἐθεον
642 3543 869 3639 ἀμυνούμενοι
890 3549 969 3630 τοός
