2318 3892
484 181 669 248 BIBAION

456 421 477 476 1.
496 422 698 487 ΔΙοΝυΣοΣ.

67 592 81 640 1
177 564 344 644 Διόνυσος
365 561 419 632 ἐπ’
438 561 564 643 Ἰνδούς
585 561 753 650 ἐλαύνων,
780 565 838 631 ἵνα
863 562 991 648 δέχοινι

102 668 213 748 πόλεις
226 666 344 753 αύτδν,
357 663 472 746 ὅπλοις
486 665 548 754 μὲν
562 681 721 753 φανεροῖς
740 661 803 752 τῆν
816 663 984 752 στρατιάν

76 797 78 801 ·
103 769 267 858 ὥπλισεν,
288 773 406 858 ἐσθῆσι
429 769 465 837 δὲ
488 778 623 847 λεπταῖς
641 769 697 836 καί
710 774 862 856 νεβρίσι·
886 766 990 857 δόρατ

102 880 205 967 κισσῷ
215 872 464 960 πεπυκασμένα·
477 867 630 960 ὁδύρσος
643 870 732 958 εἶχεν
740 868 877 960 αίχμῆν·
887 877 991 960 κυμβι

102 979 158 1046 καί
178 975 363 1064 τυμπάνοις
378 973 558 1062 ἐσήμαινεν
577 971 653 1042 άντὶ
673 973 876 1060 σάλπιγγος,
901 976 960 1042 καὶ
979 1001 991 1042 ο

102 1078 179 1157 τούς
186 1084 364 1166 πολεμίους
372 1076 483 1166 γεύων
492 1082 539 1156 είς
547 1074 685 1164 ὄρχησιν
693 1081 835 1165 ἔτρεπεν
841 1077 905 1146 καὶ
917 1074 991 1145 ὅσα

102 1179 251 1267 Βακχικά
269 1178 376 1269 ὄργια.
413 1177 531 1248 Πάντα
558 1179 594 1248 δὲ
616 1171 659 1268 ῆν
680 1178 856 1248 Διονύσου
882 1200 990 1269 στρατ

28 1281 30 1287 ⁴
103 1311 206 1372 ματα,
220 1279 401 1362 οἶςἸνδούς
415 1284 471 1350 καί
484 1281 546 1369 τῆν
558 1279 664 1371 άλίῆν
674 1279 788 1350 Ἀσίαν
801 1282 991 1375 έχειρούσατ

68 1410 85 1460 2
182 1385 350 1465 Διόνυσος
365 1388 402 1454 έν
414 1382 537 1476 Ἰνδικῆ
551 1389 608 1472 τῆς
622 1390 777 1473 στρατιάς
789 1380 831 1452 ού
846 1385 991 1473 φερούσ»,

104 1495 278 1576 φλογωδες
287 1493 348 1556 τού
361 1485 472 1577 ἀέρος,
487 1487 686 1576 κατελάβετο
699 1485 915 1576 τρικόρυφον
928 1486 991 1577 ὅρο

100 1588 250 1680 Ἰνδικῆς.
296 1596 370 1659 Τῶν
395 1595 556 1677 κορυφῶν
582 1597 749 1679 κληίζεται
769 1589 806 1659 δέ
826 1585 847 1678 ῆ
871 1591 941 1679 μὲν
959 1599 991 1661 Κ

105 1701 214 1784 σιβίῆ,
235 1689 255 1784 ῆ
276 1693 315 1761 δὲ
333 1692 514 1781 Κουδάσβῆ
523 1744 533 1780 ,
547 1690 609 1781 τῆν
631 1694 669 1762 δέ
682 1698 798 1782 τρίτην
813 1688 922 1773 αύτδς
938 1696 991 1762 έκο

105 1795 246 1886 Μηρὸν,
279 1801 337 1883 τῆς
359 1794 465 1864 αὐτοῦ
490 1798 654 1883 γενέσεως
678 1792 869 1884 ὑπόμνημα.
904 1792 991 1866 'Eva

105 1898 352 1988 πημαίπολίαί,
367 1894 494 1985 ῆδείαι,
510 1900 653 1984 πυκναὶ,
671 1903 777 1988 θῆραι
791 1901 972 1987 περισσαί,
985 1931 991 1968 ι

106 2031 161 2090 ραι
187 1998 351 2086 άφθονοι,
385 1999 494 2086 χιόνες
520 1997 763 2089 άναψύχουσαι.
804 1997 859 2071 Ἐν
883 2001 991 2072 τούτο

105 2100 242 2192 στρατιά
259 2102 461 2189 διαιτωμένῃ
474 2117 542 2182 τοῖς
556 2105 593 2172 έν
606 2109 653 2198 τῷ
666 2110 772 2198 πεδίῳ
780 2102 971 2192 βαρβάροις
987 2154 991 2173 .

106 2234 192 2295 φνῆς
206 2207 421 2291 ἐπεφαίνετο,
442 2205 497 2273 καὶ
519 2201 585 2274 άπὸ
604 2211 672 2275 τῶν
683 2203 826 2295 ὑψηλῶν
844 2207 903 2274 καί
924 2204 991 2277 ύπε

106 2313 187 2391 ξίων
201 2305 427 2390 ἀκοντίζοντες
447 2304 525 2387 τούς
546 2315 725 2397 πολεμίους
740 2311 864 2399 ῥαδίως
880 2311 991 2397 έτρέπι

71 2438 88 2490 3
181 2409 365 2495 Διόνυσος,
383 2406 508 2490 Ἰνδούς
532 2408 635 2496 έλάν,
656 2408 778 2490 αύτούς
804 2437 841 2479 τε
861 2407 991 2493 Ἰνδούς

101 2512 278 2604 Ἀμαζόνας
299 2510 392 2599 άγων
413 2512 620 2600 συμμάχους,
650 2518 697 2593 είς
718 2511 780 2602 τῆν
799 2521 983 2599 Βακτρίων

106 2624 225 2704 βαλεν·
245 2612 346 2702 ὁρίζει
368 2615 405 2684 δὲ
432 2613 494 2703 τῆν
519 2621 688 2705 Βακτρίαν
710 2612 856 2704 ποταμὸς
877 2617 991 2707 Σαράῆ

24 2778 32 2785 .
106 2717 264 2807 Βάκτριοι
282 2715 323 2785 τά
342 2714 403 2804 ὅρη
426 2718 611 2806 κατέλαβον
635 2716 676 2787 τά
702 2714 787 2808 ύπέρ
815 2716 875 2788 τὸν
902 2746 991 2790 ποτα

108 2816 152 2901 ὡς
172 2817 331 2912 Διονύσῳ
360 2823 570 2907 διαβαίνοντι
598 2817 736 2890 άνωθεν
759 2821 989 2910 έπιδῆσόμενο

108 2929 128 2992 δ
131 2924 161 3009 δ,
177 2919 463 3012 στρατοπεδεύσας
476 2921 566 3005 παρά
575 2920 634 2993 τὸν
645 2922 809 3012 ποταμὸν,
822 2922 881 3004 τάς
890 2922 991 3014 Ἀμαζ

107 3028 163 3095 καὶ
183 3024 240 3106 τάς
262 3023 392 3112 Βάκχας
413 3028 603 3112 διαβαίνειν
624 3030 755 3112 ἔταξεν,
783 3031 840 3096 ἵνα
858 3031 894 3096 oc
910 3029 991 3099 Βάκ

106 3127 418 3218 καταφρονήσαντες
460 3134 633 3214 γυναικῶν
668 3131 866 3200 κατέλθοιεν
899 3127 969 3201 άπδ

107 3229 207 3318 ὅρων.
242 3235 289 3300 Ac
306 3232 370 3319 μὲν
392 3228 433 3318 δῆ
454 3231 698 3319 διέβαινον,οί
715 3234 753 3302 δὲ
773 3233 991 3323 κατέβαινον,

105 3339 152 3426 τῷ
167 3330 305 3422 ῥεύματι
320 3335 533 3423 ἐμβαίνοντες
546 3333 748 3406 άνακόπτειν
762 3331 864 3416 αύτάς
874 3339 991 3427 έπειρά

176 3567 242 3632 Cap.
264 3570 287 3620 l.
323 3567 348 3629 ξ.
370 3567 831 3633 1.2.E1Megasthenis1ndicis,
948 3627 951 3633 ,
984 3631 987 3636 ¹
