2318 3892
393 160 616 235 ΕΒΔοΜοΝ.
926 181 988 244 259

11 338 76 427 ρός
89 339 195 409 ἐστιν.
222 336 336 409 ’Ἀπιτε
359 337 434 430 δή.”
467 339 515 411 Τὰ
536 342 573 413 δὲ
593 345 843 429 οίσωθόντες’
824 361 987 440 απαμηεί-

11 451 142 524 λαυτες
160 456 230 524 τοῖς
234 437 391 532 Ἕλλησιν
405 441 449 513 ού
458 443 582 537 μικρὰν
595 450 813 537 ἔκπληξιν’
772 469 886 535 αυτοῖς
898 482 984 546 παρ·

10 545 131 632 ἔσχον.

93 646 237 736 Ξέρξης,
257 649 295 715 ἐν
315 610 548 736 Θερμοπύλαις
567 655 702 720 πολλῶν
722 655 905 777 βαρβάρων
923 685 981 728 πε·
1001 672 1019 724 4

10 747 160 840 σόντωυ,
170 745 466 837 ἀποκρυπτόμενος
479 749 726 840 τδπλῆθοςτῶυ
738 764 870 846 νεκρῶν
879 783 984 883 προσ-

11 853 113 935 ύπαξε
137 866 207 931 τοῖς
236 858 372 931 οίκείοις
397 850 510 922 αὐτων
533 852 590 922 διὰ
617 855 739 938 νυκτός
766 858 846 942 τούς
871 860 984 944 αὑτοῖς

11 951 248 1045 προσήκοντας
262 959 305 1042 γῇ
320 954 542 1044 κατακρύψαι.

96 1057 278 1145 Ξέρξης,’
261 1083 299 1124 ευ
320 1057 554 1143 Θερμοπύλαις
575 1055 681 1126 διόι
645 1086 706 1148 την
719 1063 900 1152 στενότητα
913 1072 981 1135 τεόν
999 1077 1015 1128 5

14 1157 108 1246 ὀρῶν
122 1153 266 1238 πολλούς
279 1165 422 1247 Περσων
435 1157 632 1247 ἀποβαλων,
664 1170 845 1286 Τραηινίου
859 1164 981 1291 ἀνδρὸς

15 1258 194 1349 Ἐφιάλτου
215 1265 265 1328 δεί
254 1258 419 1342 ίξαντος’
400 1261 551 1351 ατραπδυ
564 1263 641 1352 περὶ
660 1280 728 1344 τοις
742 1263 834 1354 ὄρεσι
848 1268 980 1357 στενὴν,

19 1370 168 1452 ἔπεμψεν
187 1360 313 1450 όινδρας
329 1369 542 1452 δισμυρίους,
564 1372 597 1434 οἳ
564 1368 870 1496 οπεριελθόυτες,
897 1399 980 1440 κατα

18 1465 127 1536 νότου
141 1464 318 1553 γενόμενοι
339 1472 407 1536 τῶν
417 1462 623 1554 Ἐλληνωυ’
605 1471 807 1549 απέκτειναυ
819 1468 978 1557 α’παντας,

22 1557 199 1657 ύνὴγεῑτο
213 1573 397 1649 Λεωνίδας.

339 1747 380 1803 Ιδ,
396 1745 653 1807 ΑΡΤΑΞΕΡΞΗΣ.

91 1871 302 1963 Ἀρταξέρξης
315 1876 370 1942 ἐπὶ
383 1872 445 1962 την
458 1873 687 1960 Τισαφέρνους
700 1873 868 1964 σύλληψιν
882 1874 977 1946 κατέ-
995 1894 1010 1945 1

25 1992 126 2065 κεμιμε
154 1976 387 2065 Τιθραύστην,
416 1974 477 2044 δύο
498 1973 673 2055 ἐπιστολὰς
691 1985 883 2064 κομίζοντα·
914 1978 978 2069 την

23 2076 77 2159 μὲν
97 2076 182 2169 πρὸς
195 2074 298 2148 αύτδν
311 2080 388 2165 περὶ
402 2082 463 2146 τοῦ
476 2077 624 2165 πολέμου
638 2084 699 2146 τού
718 2079 801 2167 πρδς
818 2078 975 2162 τούςἝλ-

22 2185 137 2268 ληυας,
152 2182 342 2269 ἐπιτρέπων
355 2178 446 2273 αύτῷ
460 2176 501 2249 τόι
515 2179 642 2265 πάντα,
664 2178 727 2268 τὴν
742 2182 779 2250 δὲ
793 2181 874 2272 πρὸς
887 2182 975 2273 Ἀρι·

19 2298 109 2369 αῖον,
131 2280 223 2364 ὅπως
236 2281 340 2353 αὐτὸν
352 2280 515 2369 συλλάβοι
524 2279 611 2370 ,μετδι
629 2283 854 2368 Τιθραύστου.
886 2284 974 2373 Ἀρι·

17 2402 102 2471 αῖος,
137 2383 306 2473 ἀναγνούς
336 2383 398 2473 την
431 2382 610 2472 ἐπιστολὴν
643 2385 680 2451 ἐν
706 2393 892 2467 Κολοσσαῖς
920 2393 978 2476 τῆς

14 2493 181 2576 Φρυγίας,
195 2496 293 2558 καλελ
309 2489 538 2574 Τισαφέρνην,
561 2481 605 2564 οἱς
619 2480 704 2572 ὁμοῦ
723 2488 976 2574 βουλεύσασθαι
1016 2508 1020 2516 “

13 2593 93 2661 δέου
110 2590 153 2659 τά
167 2618 203 2660 τε
216 2587 301 2660 ἄλλα
313 2591 369 2659 καὶ
383 2590 461 2678 περί
472 2584 729 2674 τῶνἙλλήνων.
767 2585 800 2658 ‘0
816 2590 853 2659 δὲ
868 2590 975 2679 μηδὲν

10 2688 215 2782 ὑπιδόμενος
229 2690 267 2761 τδ
279 2689 582 2782 μδνστρατόπεδον
597 2690 776 2759 κατέλιπεν
788 2695 826 2760 ἐν
839 2693 974 2783 Σοίρδε-

10 2817 84 2867 σιν·
115 2793 217 2876 αὐτὸς
240 2794 280 2865 δδ
305 2791 389 2884 μετδι
410 2797 611 2882 τριακοσίων
632 2792 787 2877 λογάδων
803 2791 976 2882 Ἀρκόδωυ

10 2900 69 2968 καὶ
82 2903 265 2987 Μιλησίων
284 2894 487 2985 ἀφικόμενος
503 2890 699 2979 ἐνἈριαίου
710 2897 889 2966 κατέλυευ·
910 2895 974 2985 ἤδη

10 3001 49 3071 δδ
70 3002 149 3089 περὶ
169 2998 313 3087 λουτρὸν
336 3004 422 3086 ἔχων
443 2996 503 3065 τὸν
523 2993 686 3083 ύκινύκην
705 2993 861 3067 ἀπέθετο.
885 2997 974 3084 Ἀρι-

10 3119 81 3183 αῖος
109 3101 286 3191 μετὰτῶν
315 3098 581 3188 θεραπευτήρων
617 3096 833 3184 συναρπάσας
860 3097 975 3187 αύτδυ,

10 3207 191 3294 καθείρξας
207 3209 255 3284 είς
274 3200 471 3294 ἁρμάμαξαν
492 3201 766 3288 κατερραμμένην
795 3198 892 3288 ἄγειν
917 3211 974 3270 Τι-

10 3306 165 3409 θραύστη
193 3309 401 3396 παρέδωκεν.
448 3301 483 3372 0
516 3303 554 3372 δὲ
588 3301 683 3388 μέχρι
710 3303 773 3389 μὲν
796 3309 976 3373 Κελαιυωυ

10 3386 465 3501 ἐγκατερραμμόνονῆηαγεν·
475 3411 624 3479 ἐνταῦθα
635 3399 702 3471 δὲ’
683 3430 859 3494 αποτεμων
872 3404 978 3477 αὐτοῦ

10 3517 70 3608 τὴν
88 3512 245 3607 κοφαλην
259 3509 437 3600 ιἰνεκόμισε
450 3518 591 3600 βασιλεῖ
617 3505 782 3589 Βασιλεύς
797 3509 835 3579 δὲ
849 3516 976 3600 ἔπεμψε

769 3622 828 3688 17*
