2318 3892
99 170 159 232 144
486 167 671 228 ΒΙΒΛΙΟΝ

96 344 219 431 μένους
230 344 342 419 ίππεϊς
356 335 443 408 εἶναι
455 346 663 427 νομίσαντες,
673 341 942 426 καταπλαγέντες
956 344 998 427 ἒφ

97 472 169 533 γον.
209 441 324 534 Τοότῳ
346 448 397 534 τρὶ
412 441 657 530 στρατηγήματι
679 442 735 510 καὶ
748 437 940 531 Ἀγησίλαος
961 445 997 532 ἐχ

97 571 178 617 σατο
192 543 273 634 πρὸς
283 543 444 631 Ἀέροπον
459 548 496 613 ἐν
509 550 726 636 Μακεδονίην,
741 545 797 613 καὶ
811 542 998 633 Εὐμένηςπ

93 647 286 735 Ἀντίγονον
304 653 341 719 έν
354 643 455 739 Ἀσίηι

447 827 472 880 ό.
491 827 723 880 ΠΑΡΜΕΝΙΩΝ.

171 961 376 1044 Παρμενίων
389 950 471 1041 μετόν
483 951 545 1042 τήν
559 954 596 1022 έν
605 949 700 1046 Ἰσσῳ
712 950 820 1041 μόχην
830 947 897 1021 ὑπὸ
906 948 998 1035 Ἀλεξ

100 1065 185 1149 δρου
214 1059 383 1145 πεμφθεὶς
415 1061 463 1136 είς
484 1053 669 1143 Δαμασκὸν
697 1056 754 1124 ἐπὶ
779 1051 841 1143 τήν
868 1051 998 1125 νἰποσκε

5 1185 7 1189 ’
98 1166 168 1231 των
193 1165 355 1249 Περσων,
378 1163 508 1246 συνήψε
525 1172 594 1237 τοῖς
615 1157 846 1247 σκευοφόροις.
872 1153 998 1228 Ἐπεὶδ

100 1263 264 1353 βάρβαροι
279 1263 489 1348 φοβηθέντες
503 1266 668 1347 ἔφευγον,
683 1259 843 1348 ἐννοήσας
856 1270 998 1351 Παρμεν

99 1364 150 1435 ὅτι
164 1362 209 1453 μή
231 1363 372 1434 δύναται
393 1368 556 1433 διασῶσαι
576 1363 743 1451 τοσαύτην
764 1359 998 1452 νῖιιοσκευήν,Ὶ

100 1468 303 1557 κομιζόντων
317 1467 498 1554 βαρβάρων
512 1465 711 1553 φυγόντων,
725 1481 814 1552 τρεῖς
828 1475 919 1548 είλας
933 1471 998 1537 ίππ

94 1573 233 1659 πέμψας
253 1563 337 1656 πρὸς
350 1566 473 1648 αὐτοὺς
491 1567 670 1656 ἐκήρυξεν,
687 1564 768 1648 ““ος
781 1563 824 1638 όν
836 1567 881 1657 μή
895 1584 969 1651 ταῖς
987 1573 998 1640 έ

100 1679 161 1744 τοῦ
169 1674 270 1762 ,χερσὶ
287 1672 428 1761 λάβηται
447 1676 516 1741 των
538 1677 636 1741 ίδίων
655 1667 864 1759 ὑποζυγίων,
888 1701 998 1760 φουευ

101 1773 231 1848 σεται.”
279 1780 385 1845 Τοῦτο
410 1773 448 1845 τό
467 1773 623 1863 κήρυγμα
647 1780 681 1843 ολ
702 1771 867 1863 βάρβαροι
895 1780 998 1846 δείσαι

102 1877 197 1948 αὐτοὶ
216 1883 412 1968 προσῆλθον
431 1892 501 1957 τοῖς
522 1872 714 1964 ὑποζυγίοις
726 1879 783 1946 καὶ
796 1874 858 1966 τήν
872 1874 998 1948 όποσκε

103 1979 308 2070 διεκόμισαν.

449 2155 475 2210 δ.
493 2157 717 2216 ΑΝΤΙΓΟΝΟΣ.

69 2313 85 2365 1
177 2283 366 2371 Ἀντίγονος
393 2281 554 2372 ἐκρότησε
573 2291 751 2374 Κορίνθου
776 2289 899 2379 τοιῷδε
924 2304 998 2374 στρτ

66 2454 68 2459 .
103 2387 234 2479 γήματι.
270 2383 517 2475 Ἀλέξανδροςδ
545 2388 694 2475 κατέχων
709 2384 998 2476 Ἀαροκόριυθονι

104 2491 281 2581 λεότησεν·
297 2480 341 2578 ήν
354 2486 445 2583 αὐτῷ
455 2486 542 2579 γυνή
553 2495 691 2576 Νίκαια,
706 2487 837 2578 ἡλικίας
847 2488 920 2571 ἅλις
931 2497 998 2579 ἔχοι

110 2594 242 2682 Ταύτην
258 2589 448 2679 Ἀντίγουος
468 2598 515 2686 τῳ
535 2595 601 2684 υίῷ
619 2601 802 2686 Δημητρίῳ
829 2594 996 2683 μυηστεόε

103 2693 125 2785 ή
146 2696 183 2767 δέ
197 2694 324 2783 ἀσμένη
337 2701 500 2787 μειρακίῳ
521 2696 577 2764 καὶ
591 2702 725 2782 βασιλεῖ
737 2693 822 2785 πρὸς
840 2696 950 2786 γόμον
963 2695 998 2767 αι’

104 2800 285 2870 ἐπέδωκεν.
305 2788 369 2866 Ἠν
383 2802 489 2867 θυσία
503 2797 773 2887 μεγαλοπρεπής·
797 2797 998 2888 πανήγυρις1

104 2901 240 2992 ληνική·
259 2896 433 2986 Ἀμοιβεός
446 2905 655 2992 κιθαρῳδεῖν
668 2907 800 2991 έμελλε·
815 2899 923 2990 πολλή
938 2923 998 2971 σπι

104 3007 182 3093 περὶ
208 3002 271 3092 τήν
296 3004 384 3072 θέαν
403 2993 465 3090 ήν·
493 3001 556 3091 τήν
577 3009 727 3074 Νίκαιαν
750 2999 856 3091 αὐτήν
881 3008 918 3074 ἐν
941 3032 998 3091 φος

104 3112 284 3194 βασιλικῶς
292 3106 540 3198 κεκοσμημένῳ,
553 3111 736 3193 τρυφῶσαν
750 3107 806 3174 καὶ
815 3109 998 3194 θρυπτομέτ

105 3208 289 3297 δορυφόροι
310 3210 538 3296 παρέπεμπον.
564 3205 615 3287 Ἐς
632 3208 670 3277 δὲ
691 3206 729 3276 τὸ
742 3210 890 3296 θέατρον
905 3210 998 3279 έσιού

103 3310 214 3401 μακρόι
239 3317 369 3400 χαίρειν
389 3315 437 3403 τῷ
457 3315 640 3404 κιθαρῳδῷ
664 3311 720 3379 καὶ
746 3316 794 3404 τῳ
820 3309 918 3406 γάμῳ
939 3341 998 3402 φρι

173 3541 239 3607 Gap.
256 3541 282 3592 δ.
320 3545 345 3606 5.
366 3543 391 3594 1.
429 3539 560 3595 cf.1³lut.
577 3539 664 3594 Arato
682 3544 725 3596 17.
