2318 3892
91 179 172 232 vlu,
492 176 702 226 PRAEFATIO.

92 347 232 396 narratum
252 338 300 402 sit,
323 345 350 394 et
372 354 440 411 quae
459 337 558 394 similia
577 346 642 394 sunt
664 337 806 395 socordiae
823 355 931 412 genera.
967 333 1049 405 Quod
1062 354 1109 397 nee

94 423 257 481 laudandum
271 439 321 479 nec
334 430 478 497 tantopere
494 423 652 479 mirandum.
690 422 795 498 Quippe
806 423 972 497 Polyaenus,
989 423 1110 497 negotiis

95 508 253 564 forensibus
272 507 401 571 obrutus,
416 509 498 564 hosce
517 506 603 564 libros
617 508 763 582 ingruente
778 505 850 564 bello
867 508 994 564 Parthico
1012 509 1110 584 raptim

95 593 166 649 haud
185 592 265 648 dubie
281 591 351 648 intra
362 609 463 666 paucos
478 608 584 659 menses
600 593 764 666 conscripsit
784 609 872 666 neque
893 592 990 649 tamid
1007 601 1110 667 specta·

96 678 147 740 vit,
168 685 200 732 ut
218 694 286 750 opus
304 677 434 733 conderet
452 677 525 733 omni
547 685 625 751 parte
646 675 817 740 absolutum,
840 693 920 750 quam
943 684 974 732 ut
988 678 1109 752 undique

95 769 289 835 strategemata
303 761 461 834 colligeret,
483 778 551 835 quae
567 762 648 818 duces
665 759 729 817 belli
743 762 861 818 Parthici
877 768 924 818 aut
938 761 1106 819 imitarentur
1146 758 1149 792 ¹

95 854 141 902 aut
156 847 319 902 documento
337 846 389 902 sibi
408 846 548 902 habereut.
585 847 637 902 Res
659 847 717 920 ipsa
735 845 854 910 ferebat,
877 854 908 902 ut
924 846 1013 902 omnis
1036 846 1109 922 quasi

91 923 176 987 ‘cardo
194 947 284 986 rerum
297 932 324 985 in
338 931 405 1005 ipsis
422 931 621 1003 strategematis
637 948 786 1003 eorumque
802 939 907 993 eventu,
923 931 1024 987 ducum
1038 949 1109 995 vero,

96 1024 263 1089 temporum,
285 1014 412 1071 locorum⁴
428 1024 551 1072 accurata
578 1016 682 1071 notatio
707 1015 778 1070 haud
804 1016 832 1070 in
848 1032 947 1088 magno
969 1023 1113 1073 momento

95 1099 186 1174 posita
204 1107 285 1155 esset.

180 1183 273 1256 ltaque
289 1183 411 1239 distinxit
424 1183 532 1256 quidem
544 1184 618 1239 Arist
620 1183 690 1240 idem
705 1183 774 1256 (scil.
791 1184 1002 1257 Atheniensem)
1009 1193 1038 1242 et
1052 1185 1109 1242 Ari·

95 1269 192 1324 stidem
206 1267 333 1330 Eleatem,
346 1267 502 1324 Cloanthum
517 1266 608 1342 (Spart
609 1286 697 1332 anum,
715 1268 810 1325 ducem
822 1267 894 1343 Cyri)
911 1277 939 1325 et
951 1269 1110 1328 Clearchum
1146 1312 1149 1340 ,

31 1380 34 1392 ι
95 1360 239 1427 tyrannum
256 1352 413 1416 Heracleae,
433 1352 597 1428 Demetrium
614 1351 805 1426 (Poliorceten)
821 1361 848 1409 et
863 1354 1031 1411 Demetrium
1044 1355 1111 1411 Pha·

94 1436 214 1500 lereum,
229 1435 385 1511 Philippum
400 1435 541 1510 (Amyntae
555 1436 651 1509 filium)
664 1445 691 1493 et
701 1436 856 1511 Philippum
872 1438 999 1493 Demetrii
1015 1438 1109 1503 lilium,

23 1536 38 1553 ⁸
93 1521 273 1578 Alexandrum
284 1519 437 1595 (Magnum),
449 1520 629 1576 Alexandrum
643 1521 746 1577 Pherae
767 1537 807 1584 m,
818 1521 998 1579 Alexandrum
1015 1511 1109 1596 φρού-

95 1622 221 1682 ραρχον,
237 1605 417 1671 Alexandrum
431 1605 583 1680 Lysimachi
597 1604 682 1662 filium
697 1614 724 1661 et
741 1607 763 1660 A
791 1607 921 1662 xaudrum
941 1602 1110 1672 Thessalum,

94 1690 188 1765 plures
202 1689 367 1748 Antiochus:
392 1691 440 1746 sed
458 1690 542 1753 idem,
563 1690 693 1746 historiae
709 1691 842 1746 Romanae
859 1709 954 1764 parum
974 1693 1108 1757 curiosus,

93 1774 165 1831 libro
182 1785 277 1832 octavo
293 1774 452 1850 simpliciter
468 1775 612 1847 proposuit
628 1774 722 1831 Caium
745 1773 772 1846 (i.
788 1792 811 1831 e.
828 1775 940 1831 Atilium
956 1776 1105 1850 Regulum),

95 1859 239 1928 Quintum,
265 1859 368 1923 Titum;
388 1857 513 1915 confudit
527 1858 718 1914 Archidamum
737 1858 857 1930 Agesilai
874 1858 959 1915 lilium
974 1869 1002 1916 et
1018 1862 1109 1919 Zeuxi-

95 1943 206 2006 damil„
221 1944 388 2018 Antigonum
405 1942 535 1997 Comatam
555 1950 583 1998 et
596 1941 724 1998 Demetrii
739 1941 840 2004 lilium,
855 1943 1003 2001 Eumenem
1018 1962 1108 2021 regem

95 2028 220 2101 Pergami
241 2037 269 2084 et
283 2028 456 2088 Cardianum,
477 2025 617 2082 Seleucum
635 2025 762 2081 Nicatora
779 2033 807 2082 et
826 2026 995 2092 Callinicum,
1012 2030 1105 2105 Diony·

96 2113 167 2168 sium
185 2113 314 2169 maiorem
332 2121 361 2169 et
382 2112 528 2172 minorem,
550 2109 731 2166 Mithridatem
754 2118 890 2185 satrapam
904 2115 1064 2172 Artaxerxis
1080 2119 1105 2170 et

96 2196 278 2253 Mithridatem
302 2197 438 2270 Magnum,
466 2194 628 2250 Artabazum
654 2195 749 2251 ducem
779 2195 873 2252 Xerxis
898 2205 925 2252 et
954 2198 1109 2255 Artaxerxis

97 2280 163 2337 Dchi
186 2290 334 2355 satrapam,
356 2280 449 2374 plures
465 2278 575 2342 Fabios,
597 2279 748 2352 Scipionem
768 2280 898 2337 maiorem
919 2289 946 2338 et
965 2283 1108 2345 minorem,

96 2365 268 2421 Artemisiam
281 2365 376 2422 hbrxis
392 2364 492 2420 sociam
508 2371 536 2419 et
551 2362 664 2419 Mausoli
680 2381 799 2443 uxorem.

183 2449 294 2507 Gravius
308 2457 351 2507 est
365 2457 518 2523 peccatum,
541 2447 587 2503 uhi
602 2449 753 2522 Polyaenus
770 2466 825 2504 uon
843 2450 1020 2523 cognomines
1042 2453 1111 2508 duos

97 2535 251 2599 coniunxit,
279 2536 326 2592 sed
347 2534 429 2591 duces
444 2533 523 2608 plane
542 2533 656 2589 diversis
672 2533 827 2590 nominihus
844 2534 976 2591 confudit.
1012 2535 1111 2603 Quam·

96 2636 177 2693 quam
192 2637 357 2694 magnopere
375 2619 536 2682 cavendum,
558 2635 592 2674 ne
606 2618 743 2692 Polyaeno
763 2618 924 2682 obiciamus,
945 2636 1013 2693 quae
1037 2620 1110 2677 vela

96 2701 215 2760 librariis
231 2704 374 2760 commissa
391 2712 454 2759 sunt
469 2701 510 2758 vel
526 2703 578 2758 iam
594 2720 609 2758 a
624 2702 761 2758 veteribus
776 2703 913 2759 historicis
937 2703 1010 2760 vario
1028 2705 1111 2762 modo

94 2787 195 2843 tradita
215 2795 301 2844 erant.
339 2787 383 2844 Sic
403 2805 443 2843 ex.
460 2793 552 2860 gud,
575 2794 615 2848 10,
636 2786 702 2857 §.5
705 2827 710 2840 .
686 2785 917 2845 5Cleandridae
942 2787 1110 2854 tribuuntur,

96 2888 165 2944 quae
180 2879 292 2929 auctore
308 2870 455 2927 Plutarcho
471 2869 664 2945 apophthegm
686 2870 751 2943 Reg.
774 2879 802 2927 et
817 2872 942 2946 lmperat.
958 2872 1074 2946 Lysand.
1094 2879 1110 2931 2

73 2955 128 3011 -ad
148 2956 332 3031 Lysandrum,
358 2962 383 3019 2,
406 2962 428 3018 1,
450 2955 510 3026 §4
536 2953 679 3028 Agesilao,
703 2972 770 3028 quae
793 2956 888 3013 eodem
910 2964 1022 3014 auctore
1045 2975 1110 3033 apo·

94 3039 235 3114 phthegm
257 3042 354 3098 Lacon.
371 3040 403 3096 ad
414 3039 536 3112 Agrdem
557 3039 720 3113 Iphicrati3‚
737 3046 766 3103 9,
776 3047 843 3100 let
849 3048 892 3104 30,
908 3059 976 3116 quae
990 3042 1110 3099 testibus

94 3124 216 3198 Xenoph.
234 3125 318 3181 Anab.
335 3132 360 3189 2,
379 3131 403 3188 2,
425 3130 460 3184 20
479 3132 506 3180 et
524 3124 638 3179 Aristot.
657 3124 801 3180 Oeconom
820 3129 845 3188 2,
860 3133 876 3184 5
899 3126 931 3182 ad
951 3124 1110 3184 Clearchum

94 3215 122 3264 et
136 3208 275 3282 Hippiam,
296 3209 450 3284 llurylccho
470 3215 495 3271 6,
511 3215 553 3271 13,
575 3225 643 3281 quae
659 3208 821 3264 auctoritate
836 3209 984 3266 Pausaniae
1003 3219 1045 3274 10,
1066 3213 1108 3274 at,

92 3297 108 3353 7
123 3300 151 3348 et
166 3292 291 3350 Frontini
306 3301 330 3356 3,
348 3300 372 3356 7,
390 3301 407 3354 6
430 3294 463 3350 ad
478 3292 605 3349 Solonem
620 3293 661 3349 rel
677 3283 841 3348 Clisthenem
856 3294 998 3370 reserenda
1013 3303 1109 3351 erant:

91 3393 162 3450 quae
184 3378 313 3452 Polyaeni
331 3378 514 3451 negligentiae
534 3378 663 3451 imputari
683 3393 738 3433 nou
755 3377 842 3433 ausim
862 3395 914 3452 pro
937 3388 1014 3436 certo
1036 3379 1109 3436 all
1083 3396 1109 3435 r

31 3504 34 3511 .
91 3478 172 3518 mare.
196 3462 320 3536 Suspicio
337 3463 445 3537 quidem
457 3461 604 3524 nonabest,
622 3461 684 3536 quia
699 3459 796 3518 srmrlra
806 3462 965 3537 exemplam
976 3472 1109 3540 promptu
