2318 3892
453 207 639 272 ΠΡΩΤΟΝ.
988 208 1027 268 25

65 383 122 450 καὶ
136 379 257 467 φυγάν
272 376 390 473 ρ’όχετο·
414 387 638 471 Θεμιστοκλῆς
649 381 686 452 δέ
700 377 929 470 τοῖςἝλλῃσιν
943 382 1027 470 ἐφύ-

66 488 144 566 λαξε
157 483 219 572 τῆν
232 489 332 570 νίκην
343 480 542 553 ἀκίνδυνον.

138 584 310 674 Ἀθηναῖοι
325 583 462 674 τάτείχῃ
476 593 536 656 τοῦ
547 584 662 667 άστεος
676 584 830 676 ῆγειρον·
845 583 1078 664 Animam)

67 688 260 775 ἐφθόνουν·
277 684 446 774 ἠπάτησεν
459 686 581 770 αύτούς
596 694 829 778 Θεμιστοκλῆς.
848 682 883 754 ‘0
900 688 936 756 δὲ
950 688 1025 773 τρό-

68 817 130 868 πος
152 795 209 874 τῆς
229 781 420 877 ἀπάτῃςῆν
433 781 539 871 οὗτος.
568 789 723 878 Ἀφίκετο
745 787 952 878 πρεσβευτὴς
972 791 1029 858 καὶ

66 884 112 979 ῆν
127 889 209 978 πρὸς
222 889 300 970 τούς
311 891 474 973 Λάκωνας
485 895 636 982 ἔξαρνος,
652 887 672 984 ῆ
685 891 749 981 μὴν
762 891 825 962 ούκ
839 895 1030 979 έγερεῑσθαι

68 992 107 1061 τὸ
119 1009 234 1079 τεῖχος.
258 989 323 1062 “Ec
337 994 374 1063 δὲ
387 991 566 1081 ἀπιστεῖτε,
581 995 659 1078 τοὺς
673 993 829 1084 ἀρίστους
842 996 1029 1082 ἐκπέμψατε

70 1094 316 1181 κατασκόπους,
336 1095 398 1186 έμέ
412 1096 668 1186 κατασχόντες.”
715 1101 760 1166 Ol
777 1097 840 1186 μὲν
859 1103 1029 1185 ἔπεμψαν·

69 1204 294 1286 Θεμιστοκλῆς
308 1199 345 1268 δὲ
361 1200 476 1288 κρύφα
490 1203 621 1289 πέμψας
641 1206 828 1272 ἐνετείλατο
840 1197 1030 1288 Ἀθῃναίοις

68 1302 222 1387 κατέχειν
235 1298 314 1382 τούς
328 1303 576 1388 κατασκόπους,
592 1302 663 1374 ἔστ’
680 1300 723 1375 άν
736 1307 891 1393 ἐγείρωσι
903 1301 942 1372 τό
961 1318 1028 1372 τεί·

66 1424 139 1490 χος·
162 1401 302 1474 ἐπειδάν
317 1405 353 1474 δὲ
367 1406 600 1494 ίγειρωσι,
560 1437 605 1496 μῆ
621 1407 785 1495 πρότερον
803 1403 927 1485 αὐτούς
947 1403 1028 1475 ἀπο-

66 1508 274 1628 πέμπειν,ε
260 1513 291 1575 εί
318 1506 362 1611 μῆ
395 1509 546 1596 πρόσθεν
570 1507 674 1579 αὐτὸν
700 1506 914 1595 ἀπολάβοιεν.
962 1510 1031 1577 Καὶ

67 1613 173 1677 ταῦτα
196 1606 302 1689 οὕτως
323 1612 466 1697 ἐγένετο.
497 1609 644 1700 Ἠγέρθη
658 1610 695 1681 τό
709 1627 832 1698 τεῖχος,
849 1613 904 1678 καὶ
927 1613 1029 1679 ἐπαν-

64 1716 154 1798 ῆλθε
171 1718 404 1801 Θεμιστοκλῆς.
421 1711 656 1801 Ἀπεδόθῃσαν
673 1719 707 1782 οί
723 1713 932 1796 κατάσκοκοι,
947 1717 1031 1781 ἐτει-

67 1819 236 1902 χίσθῃσαν
245 1812 386 1901 Ἀθῆναι
401 1812 709 1905 Λακεδαιμονίων’
692 1814 853 1884 ακόντωυ.

147 1923 371 2005 Θεμιστοκλῆς
385 1922 422 1988 έν
434 1924 480 2012 τῷ
495 1918 576 2006 πρός
591 1918 771 2007 Αίγινῆτας
780 1919 912 2010 πολέμῳ
927 1921 1082 2005 μελ-6(5)

67 2019 200 2088 λόντωυ
217 2017 408 2108 Ἀθηναίων
429 2020 491 2111 τῆν
514 2025 550 2092 ἐκ
570 2027 639 2091 τῶν
657 2019 832 2109 ἀργυρίων
852 2019 1031 2107 πρόσοδον,

68 2121 191 2191 ἑκατόν
203 2121 365 2208 τάλαντα,
381 2129 618 2216 διανέμεσθαι,
636 2124 790 2204 κωλύσας
805 2130 939 2192 ἔπεισεν
954 2125 1030 2190 ἕκα-

68 2225 129 2294 τόν
149 2223 290 2312 ἀνδράσι
310 2242 379 2307 τοϊς
400 2227 660 2307 πλουσιωτάτοις
680 2226 809 2318 ἑκάστῳ
833 2231 953 2295 δοῦναι
973 2223 1031 2290 τά·

69 2339 221 2415 λαυτουῇ
235 2324 298 2397 κάν
319 2329 381 2417 μὲν
399 2327 501 2419 ἀρέσῃ
515 2328 552 2398 τό
567 2329 864 2418 πραχθῃσόμενον,
885 2332 924 2415 τῆ
938 2324 1033 2394 πόλει

68 2431 106 2500 τό
123 2429 283 2518 ἀνάλωμα
302 2439 519 2521 λογισθῆναι,
541 2430 601 2500 έάν
622 2432 659 2500 δὲ
679 2430 723 2520 μῆ
738 2429 858 2520 ἀρέσῃ,
879 2427 958 2506 τούς
973 2436 1031 2494 λα-

70 2534 194 2620 βόντας
209 2530 405 2602 ἀποδοῦναι.
444 2540 555 2603 Ταῦτα
569 2533 631 2620 μὲν
650 2540 773 2614 ἔδοξεν.
806 2536 851 2600 Ol
863 2531 900 2599 δὲ
916 2527 1034 2599 ἑκατόν

69 2637 193 2724 ἄνδρες
220 2639 357 2715 ἕκαστος
386 2642 467 2724 μίαν
492 2634 610 2725 τριῆρῃ
645 2638 867 2724 κατέστησαν,
901 2637 1034 2722 σπονδῃ

70 2738 272 2844 χρησάμενοι
299 2739 443 2819 κάλλους
470 2741 526 2808 καί
552 2739 683 2828 τάχους.
712 2737 887 2867 Ἀθῃυαίοι
914 2734 1033 2806 καινὸν

72 2842 192 2911 στόλον
207 2841 404 2932 ποιήσαντες
422 2839 596 2931 ῆσθῃσαν,
616 2840 729 2912 καὶ’
691 2871 732 2912 ου
747 2842 851 2931 μόνον
870 2868 953 2909 κατα
941 2838 1030 2907 Αί-

71 2950 219 3033 γινῃτῶν
239 2960 309 3025 ταῖς
324 2945 479 3035 τριῆρεσι
501 2946 652 3032 ταύταις,
673 2944 758 3016 ἀλλά
775 2946 829 3016 καὶ
844 2942 926 3012 κατά
941 2952 1030 3029 Περ-

72 3053 143 3116 σων
156 3047 347 3136 έχρῆσαντο.

151 3155 385 3238 Θεμιστοκλῆς,
397 3147 519 3219 Ἰάνων
529 3152 634 3240 Ξέρξῃ
643 3147 919 3241 συμμαχούντων,
934 3149 1005 3216 έκέ-
1015 3160 1029 3214 7
1039 3147 1082 3224 (6)

71 3263 172 3322 λευσε
199 3269 267 3333 τοῖς
287 3250 423 3342 Ἕλλῃσι
456 3254 698 3342 καταγράφειν·
712 3254 768 3322 ἐπὶ
800 3247 879 3331 τούς
903 3259 1034 3337 τοίχους

68 3355 85 3379 “
96 3356 236 3444 ’Ἄνδρες
246 3354 377 3442 Ἴωνες,
396 3353 437 3425 ού
452 3362 564 3425 δίκαια
580 3371 704 3425 ποιεῖτε
725 3351 961 3443 στρατεύοντες
979 3353 1033 3420 ἐπὶ

143 3519 208 3585 Cap.
230 3519 273 3570 30.
310 3521 333 3582 ξ.
350 3519 376 3572 5.
414 3519 538 3570 cf.1>1ut.
556 3519 649 3569 Them.
663 3519 872 3584 19Mhucyd.
893 3517 974 3585 1,90.
991 3518 1031 3567 91.

144 3587 211 3651 Cap.
232 3588 274 3638 30.
312 3587 336 3646 ἓ.
357 3589 381 3636 7.
418 3589 460 3636 Ex
478 3588 582 3640 Herod.
600 3589 634 3650 8,
652 3590 694 3639 22.
