2318 3892
413 172 645 234 Δτννονοιν.
755 142 758 147 ’
839 215 842 224 .
972 175 1012 238 67

45 343 149 415 τόνου
170 339 401 430 πανταχόθεν,
422 347 456 412 οί
472 343 535 433 μδν
554 346 705 434 πολέμιοι
726 345 862 416 διώκειν
883 348 1011 416 ἐκωλύ-

45 468 137 517 ιντο·
166 450 201 514 ολ
224 445 261 515 δὲ
283 442 372 534 ἀμφὶ
385 452 581 517 Πελοπίδαν
601 445 761 538 ἀσφαλῶς
780 446 840 519 τόν
860 449 1011 539 ποταμόν

45 554 199 640 διῆλθον.

120 651 234 741 Θήβας
247 646 416 736 ἐφύλασσε
430 648 760 742 φρουράΛακωνικὴ,
774 655 830 722 καί
839 652 1009 782 φρούραρ-
1028 665 1045 718 3

45 781 100 844 χος
110 758 165 826 ἐπὶ
178 757 377 842 τῆςΚαδμεί
376 780 415 833 ας
428 755 590 824 ἐτέτακτο.
604 746 667 825 Ην
677 753 910 846 Ἀφροδίτης’
894 757 1008 845 εορτή

45 862 81 928 τί
97 857 160 948 μὲν
180 868 339 944 γυναῖκες
359 861 549 938 ἔπαιζον
508 884 549 946 τη
568 862 657 926 θεώ·
677 864 712 928 οί
729 859 767 928 δὲ
787 857 909 949 ανδρες
922 856 1009 948 αμφί
1118 891 1121 898 ’

45 958 169 1039 ταύτας
183 957 280 1046 είχον.
299 955 416 1039 Ἔδοξε
430 964 477 1026 τώ
453 987 687 1054 φρουραρχω
695 984 830 1050 τιμησαι
838 991 900 1051 την
908 953 1006 1031 θεόν

45 1060 203 1133 ἐκάλεσεν
216 1062 357 1150 ἑταίρας
382 1027 492 1148 Ἕχόιν
505 1064 655 1148 ξιφίδιον
674 1061 826 1152 κρυπτὸν
847 1071 1006 1147 [Πελοπί-

45 1169 156 1246 δαςίε
158 1157 338 1288 ίσίρχεται,
360 1161 471 1232 καί
437 1191 497 1234 τον
518 1165 735 1272 φρούραρχον
754 1164 886 1236 ἀνελών
906 1164 1006 1257 ἠλευ-

45 1264 225 1412 δόρασι
188 1294 247 1346 τας
261 1265 384 1354 Θήβας.

401 1446 426 1500 5.
444 1448 638 1502 ΓΟΡΓΙΔΑΣ.
724 1437 728 1446 ’

118 1576 286 1660 Γοργίδας
311 1576 442 1660 πρώτος
473 1573 511 1642 ἐν
542 1571 669 1663 Θήβαις
701 1571 761 1642 τόν
789 1572 881 1663 ίερδυ
907 1573 1037 1662 λόχονί

45 1676 233 1757 συνέταξεν.
268 1669 304 1742 ‘0
325 1672 421 1761 λόχος
441 1665 485 1762 ἦν
499 1676 634 1763 ἐρασταί
652 1676 708 1743 καί
729 1675 890 1764 ἐρώμενοι
911 1704 1003 1765 τρια-

45 1777 158 1848 κόσιοι.
198 1780 380 1856 Φιλούντες
397 1774 461 1866 γάρ
476 1775 518 1864 δὴ
533 1773 697 1865 ἀλλήλους
710 1774 772 1846 οὐκ
786 1775 829 1847 ἀν
842 1805 922 1848 ποτε
937 1778 1003 1865 φύ-

45 1903 152 1966 νοιεν,
166 1870 243 1949 ἀλλ’
266 1873 286 1966 ἢ
309 1873 402 1972 ὑπὲρΙ
416 1876 572 1967 ἀλλήλων
587 1871 813 1969 ἀποθάνοιεν,
839 1875 861 1968 ἢ
882 1885 1005 1975 νικῷεν

45 1983 115 2064 ὀύς
135 1987 324 2070 πολεμίους.

110 2090 304 2176 Γοργίδας,
322 2085 433 2164 ίπιτείς
464 2089 552 2171 ἔχων
574 2090 759 2173 Θηβαίους,
780 2084 1004 2173 παρετάσσετο
1022 2095 1038 2146 2

45 2193 187 2280 ἱοιβίδρι
201 2182 384 2266 πελταστὰς
394 2191 520 2273 ἔχοντι’
535 2185 740 2277 στενόπορον
754 2177 845 2275 ἦντὸ
868 2195 1003 2275 χωρίον.

45 2296 223 2379 Ἰοργίδας,
256 2286 399 2378 φεύγειν
417 2289 703 2378 προσποιούμενος
725 2287 803 2370 τούς
823 2288 1006 2368 πελταστὰς

45 2398 92 2466 πὶ
118 2393 206 2464 πόδα
233 2389 414 2482 ἀνεχώρει·
444 2396 513 2462 τών
532 2391 571 2461 δὲ
592 2399 763 2481 πολεμίων
790 2394 1005 2481 ἐγκειμένων,

45 2495 214 2587 ’πήγαγεν
226 2491 348 2576 αύτούς
362 2499 410 2575 είς
422 2492 484 2583 τὴν
498 2492 721 2584 εὐρυχωρίαν.
739 2491 850 2564 Ἔνθα
862 2493 905 2582 δὴ
917 2501 1003 2582 Γορ-

45 2609 157 2685 ’ίδας,
179 2597 303 2688 κράνος
324 2599 379 2667 ἐπί
398 2597 536 2686 δόρατος
550 2593 743 2680 ἀνατείνας,
763 2612 904 2685 σημεῖον
918 2601 1002 2665 ἔδει·

45 2734 97 2776 ιεν
125 2701 348 2790 ἀναστροφῆς.
391 2695 448 2780 Ὡς
474 2701 512 2770 δὲ
538 2701 575 2770 ἐν
602 2700 797 2793 πλατυτίρφ
830 2705 940 2793 χοιρίφ
967 2697 1005 2770 τὸ

45 2803 179 2879 ιτπικδν
197 2803 397 2895 ἀνέστρεψε,
419 2801 483 2892 τὴν
495 2800 641 2892 ἐμβολὴν
658 2808 726 2874 τών
741 2806 870 2873 ίιτπέιου
884 2800 926 2872 ού
943 2805 1004 2890 φί-

45 2937 157 2989 ιοντες
184 2913 219 2977 οί
236 2907 425 2994 πελτασταί,
445 2905 683 2997 προτροπάδην
699 2910 732 2987 ἐς
755 2904 906 2985 Θεσπιὰς.
920 2911 1006 2992 ἔφυ-

45 3043 118 3098 ιον,
139 3007 194 3099 ἀφ’
218 2999 267 3079 ώυ
290 3016 356 3061 ***
378 3010 416 3078 ἐν
437 3014 477 3101 τῇ
492 3015 600 3101 φυγῇ·
630 3014 793 3098 Φοιβίδας
813 3008 849 3078 δὲ
872 3006 1007 3076 διώκων

45 3115 159 3187 εύτίκα
173 3112 312 3202 φεύγων
328 3108 439 3206 ώχετο.

362 3291 388 3348 δ.
409 3291 684 3345 ΔΕΡΚΤΛΛΙΔΑΣ.

113 3374 369 3508 Δερκυλλίδας
383 3413 491 3505 ώμοσε
523 3421 654 3508 Μειδία
685 3419 733 3484 τώ
764 3413 921 3504 τυράννῳ
947 3415 1004 3499 τῆς

45 3523 203 3615 Σκήψιος
211 3574 221 3610 ,
236 3510 343 3610 ἀφ’
315 3551 342 3618 φ
356 3548 392 3592 τε
405 3520 617 3611 προελθόντα
631 3545 714 3606 ταχυ
702 3515 784 3586 καί
803 3513 1005 3606 ὁμιλήσαντα

810 3631 828 3690 5
837 3631 852 3670 δ
