2318 3892
310 832 494 930 ε’ωλιοΝ
519 859 686 929 ΕΚΤοΝ.
759 842 763 849 ’

88 1079 169 1163 Καὶ
182 1093 259 1163 τόδε
273 1090 356 1184 ὑμίν
368 1100 466 1166 έκτον
480 1101 629 1184 βιβλίον,
644 1094 816 1185 ίερῶτατοι
830 1100 979 1182 βασιλεῖς

39 1194 268 1269 λντωνλνεκαλ
291 1196 422 1288 Οὐῆρε,
443 1200 624 1288 προσφέρω
643 1204 712 1268 τῶν
735 1196 977 1286 Στρατηγημάτ

39 1329 102 1388 σν,
130 1297 308 1388 εὐχόμενος
332 1304 389 1374 καί
416 1297 511 1389 ὑμῶν
532 1301 707 1370 νικώντων
729 1302 767 1370 ἐν
785 1315 853 1379 τοῖς
878 1302 976 1370 πολέ·

39 1431 88 1486 οις
104 1402 212 1473 πολλά
232 1405 288 1472 καὶ
309 1402 394 1474 καλά
406 1409 464 1493 τῆς
480 1399 642 1493 ὑμετέρας
654 1400 773 1493 άρετῆς
786 1401 977 1491 ἀναγράψαι

39 1506 279 1597 τρατηγήματα.
304 1503 394 1601 ,Ὅσςο
415 1504 479 1594 γάρ
495 1499 637 1595 δυνάμει
657 1508 713 1576 καί
732 1505 814 1594 τύχῃ
830 1513 978 1593 μείζονες

39 1609 198 1693 ῶνπάλαι
213 1615 420 1698 στρατηγῶν,
434 1609 489 1678 καί
501 1607 542 1696 δὴ
552 1609 637 1702 τόσῳ
648 1618 876 1678 πλεουεκτεϊτε
890 1607 975 1676 πάν-

39 1739 72 1790 κς
92 1715 248 1800 ἐμπειρίᾳ
268 1713 325 1778 καί
343 1712 459 1798 τέχνῃ,
479 1707 560 1796 μεθ’
583 1700 621 1798 ἧς
637 1708 701 1798 ἤδη
716 1707 860 1789 πολλοὺς
873 1711 974 1803 Δπολέ-

39 1840 96 1892 ους
112 1818 335 1900 κατείργασθε
349 1816 483 1880 πολλῶν
496 1812 697 1902 βαρβάρων,
712 1811 976 1900 βουλευσάμενοι

39 1919 123 1996 αλῶς
136 1914 219 2004 μετά
231 1919 293 1983 τοῦ
307 1912 443 2001 πατρός,
458 1922 693 2003 Μαυρουσίων
706 1910 873 2004 ἁλόντων,
889 1925 974 2002 Βρε-

39 2023 125 2088 τνῶν
149 2014 396 2105 ἁλισκομένων,
422 2021 537 2086 Γετῶν
565 2017 800 2089 πεπτωκότων.
834 2016 913 2106 ’Ἇγε
934 2017 975 2106 δὴ

39 2118 97 2190 κτὰ
117 2127 261 2209 Περσῶν
287 2121 344 2188 καὶ
364 2126 577 2207 Παρθυαίων
602 2120 745 2203 ἐξιόντες
771 2118 866 2189 αὐτοὶ
892 2120 975 2209 μετά

39 2228 80 2294 ῶν
98 2230 192 2292 θεῶν
210 2223 339 2304 δείξατε
354 2219 416 2308 τὴν
430 2216 596 2310 ὑμετέραν
608 2224 745 2311 τέχνην,
761 2218 805 2303 ῶς
819 2223 875 2290 καί
890 2231 974 2311 βου-

39 2325 188 2415 ευόμενοι
203 2326 280 2411 περὶ
295 2325 450 2412 πολέμων
467 2326 524 2393 καὶ
544 2331 766 2413 πολεμοῦντες
786 2321 881 2394 αὐτοὶ
907 2330 976 2393 τῶν

39 2430 286 2516 τανισταμέυων
317 2426 588 2515 [περιγίνεσθαι]
616 2427 779 2497 δύνασθε.
827 2423 976 2520 Ἐγέῃδέ

39 2534 66 2601 τί
81 2530 261 2618 ταῦταμὲν
276 2524 320 2610 ῶς
334 2526 621 2617 ἀξιομνημόνευτα
638 2527 719 2598 όντα
739 2533 776 2599 ἐν
794 2535 841 2622 τῷ
864 2531 975 2598 δέοντι

39 2639 118 2728 σιρῷ
151 2631 207 2703 διά
232 2633 447 2721 μακροτέρων
477 2632 669 2721 συγγράψαι
696 2630 973 2720 προθυμήσομαι·

39 2737 90 2807 ονί
111 2736 149 2806 δέ
170 2733 231 2806 ὅσα
244 2741 432 2823 θεραπείαν
451 2729 616 2824 ὑμετέραν
633 2733 695 2804 οὐκ
710 2742 777 2824 ἔχει
802 2733 886 2804 άλλά
906 2740 975 2804 τῶν

39 2841 112 2910 άλαι
140 2838 330 2927 γεγονότων
359 2833 539 2927 άλήθειαν,
571 2838 754 2928 προσθήσω
782 2840 838 2907 καί
869 2842 974 2906 ταῦτα

39 2960 78 3025 τῖς
97 2943 385 3032 προλελεγμένοις.

409 3117 576 3176 mmm.
681 3093 684 3098 ’

84 3243 203 3317 Ἰάσων
222 3243 427 3335 βουλόμενος
453 3245 636 3315 ἐπιθέσθαι
664 3241 759 3311 πόλει
779 3247 974 3332 Θετταλικῇ,
993 3262 1006 3312 1

39 3347 158 3440 ηδενδς
179 3346 242 3438 τὴν
264 3351 420 3419 ἐπίθεσιν
446 3346 638 3436 προειδότος
667 3343 891 3435 παρήγγειλεν
918 3347 973 3414 ἐπλ

39 3450 163 3546 ριθμδν
182 3453 239 3522 καί
257 3455 483 3542 μισθοδοσίαν
504 3452 752 3534 ἐξοπλίσασθαι.
788 3448 905 3554 Οίίμὲν
920 3447 973 3538 δὴ,
