2318 3892
430 140 660 218 ιῖειιτιινοιν.
966 159 1029 223 τοι

61 329 377 417 προσορμισθέντας
397 331 453 416 νηὶ
478 334 588 421 μακρᾷ
606 331 663 399 καλ
683 330 931 420 τριακοντόροις
951 332 1029 399 δυσὶ

62 426 345 518 καδίιποβόντας,
360 433 416 499 καὶ
430 431 508 512 τοῦς
521 432 584 519 μὲν
598 429 818 521 ἁρπάζοντας,
840 433 970 514 τοῦςδὲ
989 432 1030 503 τὰ

64 541 165 601 πλοῖα
177 538 246 603 τῶν
261 539 396 621 δεσμῶν
415 532 621 614 ἀπολύοντος
636 535 779 623 ἐσήμηνε
799 541 839 624 τή
859 536 1028 623 σάλπιγγι.

60 631 230 723 Ἀρχέβιος
241 634 319 715 τοῦς
340 636 579 726 ἐνεδρεύοντας
598 633 784 726 ἀναστήσας
797 637 875 718 τοῦς
889 639 951 726 μέν
966 656 1027 707 ποΞ

10 752 48 795 ⁵
65 745 203 826 λεμίους
221 741 415 828 διέφθειρε,
436 737 494 818 τοὶς
513 740 551 808 δέ
571 740 830 827 τριακοντόρους
846 739 959 810 αὐτῶν
973 743 1029 808 καὶ

10 836 128 930 Ἐτήν
146 846 236 911 ναῦν
253 838 316 930 τήν
330 840 462 932 μακρὰν
480 845 513 922 ἐς
526 840 717 931 τὸνλιμίνα
737 849 796 932 τῆς
809 842 937 924 πόλεως
950 870 1028 913 κατ-

10 956 33 1005 Ι
65 941 201 1032 ήχαχεν.

23 1066 36 1123 δ

10 1168 41 1210 τε

10 1272 47 1321 h·
140 1247 395 1339 Ἀριστοκράτης
421 1247 598 1337 Ἀθηναῖος
625 1254 713 1318 ναῦν
738 1247 853 1338 λαβῶν
874 1257 1028 1319 Λακωνι-

10 1350 149 1441 φδκήν,
169 1352 296 1440 ταύτην
318 1359 403 1439 έχων
429 1349 638 1422 ἀνέπλευσεν
660 1354 693 1432 ές
716 1351 815 1422 πόλιν
839 1357 1031 1440 συμμαχίδα

10 1472 45 1517 π’
67 1460 311 1544 Σπαρτιατῶν,
335 1461 421 1542 έχων
444 1457 482 1522 έν
498 1459 540 1544 τή
559 1457 615 1542 νηὶ
634 1453 779 1542 συχνοῦς
792 1452 918 1542 ἄνδρας
933 1460 1029 1524 ἔνδο-

24 1580 40 1619 ¹
62 1567 135 1628 θεν
147 1560 360 1648 ἐγχειριδίοις
369 1553 609 1644 ὡπλισμένους.
636 1562 681 1625 Os
688 1556 751 1644 μὲν
766 1557 849 1642 (ἐπὶ)
863 1563 923 1625 τοῦ
937 1558 1029 1645 λιμό-

10 1660 34 1719 ῑΙ
63 1688 125 1742 νος
143 1659 209 1748 τήν
230 1665 318 1731 ναῦν
337 1656 382 1739 ῶς
396 1666 500 1748 φίλην
518 1654 733 1782 ῦπεδέξαντο.
763 1664 808 1728 Οί
821 1660 858 1728 δέ
876 1665 933 1745 τής
947 1656 1032 1738 νεῶς

61 1760 281 1848 έκβαντες,”
259 1789 357 1847 αφνω
372 1760 615 1846 προσπεσόντες
628 1775 697 1840 τοῖς
715 1767 936 1848 περιπατοῦσι
950 1763 1031 1828 δέκα

17 1868 42 1917 ¹⁸
62 1864 130 1953 μὲν
156 1859 271 1931 αῦτῶν
289 1858 541 1948 ιἰπεοφαξαν,ε
543 1870 630 1931 ίκοσι
652 1861 688 1931 δέ
709 1864 765 1932 καὶ
784 1864 883 1931 πέντε
903 1882 1030 1949 συναρ-

15 1930 236 2045 παίσαντες
257 1958 546 2049 ἀπέπλευσαν,
511 1961 571 2045 οῦς
589 1971 725 2035 πολλῶν
745 1965 925 2055 χρημάτων
941 1962 1030 2055 ’-Αρι

61 2067 249 2156 στοκρότης
262 2064 529 2155 ἆπελυτρῶσατο.

368 1122 412 1177 4⁰.
431 1126 727 1181 ΑΡΙΣΤΟΚΡΑΤΗΣ.

385 2245 424 2300 41.
442 2248 717 2301 ΑΡΙΣΤΟΜΑΧΟΣ.

143 2369 394 2462 Ἀριστόμαχος,
415 2378 620 2461 Καρδιανῶν
638 2370 785 2462 τριήρεις
800 2368 933 2459 λαβῶν,
952 2398 1030 2459 μετ-

10 2482 49 2540 ὴε
65 2473 254 2566 εμβιβόσας
272 2474 351 2556 τοῦς
374 2479 488 2565 ἐρέτας
512 2475 567 2544 καί
587 2473 756 2562 κοσμήσας
782 2489 851 2554 τοις
880 2471 1031 2595 ἄκρατη-

65 2586 156 2666 ρίοις
183 2583 253 2647 τῶν
273 2574 379 2648 αὑτοῦ
405 2583 510 2663 νεῶν,
538 2574 746 2665 αῦλοῦμενος
771 2578 945 2660 κατέπλει,
975 2573 1034 2654 τὰς

65 2687 158 2761 ἰδίας
171 2685 254 2761 ναῦς
269 2684 437 2769 ἐφέλκων,
459 2677 521 2769 τήν
535 2678 747 2802 καταχωχήν
749 2675 809 2761 ὀψε
824 2678 1033 2765 ποιούμενος.

66 2784 330 2873 Καρδιανολὲ
290 2811 352 2873 μν
381 2782 463 2872 πρὸς
502 2780 581 2866 [τας]
615 2786 700 2862 ναῦς
727 2778 887 2869 ὅρμησαν
914 2786 950 2851 ἐκ
976 2785 1035 2868 τής

67 2884 215 2973 πόλεως,
240 2881 285 2967 ῶς
314 2891 439 2967 οἰκείας
464 2886 522 2955 καὶ
541 2883 705 2965 νικῶσας·
733 2890 767 2954 οί
786 2881 851 2955 δέ’
844 2883 1034 2972 Αριστομα

17 3006 153 3078 &moa
170 2993 240 3059 τῶν
262 2995 352 3060 νεῶν
378 2987 536 3078 ἐκβαντες
558 2986 703 3069 πολλοῦς
723 2981 972 3087 λίαρδιανῶν’
953 2987 1034 3073 από-

10 3120 19 3137 ··
68 3119 220 3163 κτειναν.

408 3268 452 3324 42.
471 3271 701 3324 ΧΑΡΙΜΕΝΗΣ.

145 3398 339 3487 Χαριμένης
365 3395 533 3486 Μιλήσιος
560 3392 766 3481 καταφνχῶν
789 3395 827 3475 ,ές
841 3362 1038 3481 ΙΦασηλίδα,

68 3504 294 3597 έφομμονσῶν
326 3496 418 3594 αῦτςό
452 3502 542 3569 νεῶν
575 3501 715 3587 μακρῶν
743 3497 951 3586 Περικλέους
979 3499 1045 3602 τοῦΙ

119 3630 252 3669 νοεῖται
272 3628 368 3666 mn.
847 3609 894 3673 14·
975 3666 979 3671 .
1074 3632 1078 3636 ·
