2318 3892
415 203 565 263 EKTON.

351 432 377 488 ο.
396 435 641 488 ΑοΗαοΚΛΗΣ.
681 423 683 428 ’

86 573 294 665 Ἀθηνοκλῆς
328 576 609 667 πολιορκούμενος
643 575 726 666 πρὸς
759 572 838 657 τοδς
861 575 977 665 κριούς

39 679 69 747 αλ
95 677 137 765 τά
162 679 319 780 τρύπανα
344 678 466 760 δοκοάς
486 686 651 768 μολίβδου
673 677 812 767 ποιήσας
835 685 977 767 πλαγίας

37 782 213 870 αρέτεινεν
225 784 280 852 ἐπὶ
292 780 350 862 τάς
364 783 530 868 ἐπάλξεις,
546 778 599 862 αἷς
613 783 817 869 ἐμπίπτοντα
831 786 899 851 τῶν
913 807 977 851 πο-

37 890 140 974 opt-v
160 882 202 953 τά
221 884 439 974 μηχανήματα
459 893 683 974 συνετρίβετο.
720 889 766 952 οί
784 884 821 954 δὲ
844 883 976 972 ἐτεχυά-

37 1013 114 1057 αντο
135 984 216 1056 ἄλλο
230 986 407 1076 μηχάνημα
422 988 620 1075 προσάγειν,
640 984 723 1074 ὅπερ
742 986 779 1056 τὸ
797 984 903 1075 άκρον
919 991 977 1075 τής

37 1094 117 1159 οκοῦ
136 1093 266 1178 πλήξαν
285 1088 346 1179 τήν
360 1088 464 1160 ’δοκόν
483 1087 549 1160 άπὸ
569 1096 637 1160 τῶν
657 1089 826 1172 ἐπάλξεων
840 1094 977 1159 πίπτειν

37 1190 122 1280 ιθην
150 1192 312 1280 ἐβιάζετο,
347 1194 476 1283 μηδένα
502 1192 718 1282 βλάπτουσαν
742 1198 811 1261 τῶν
837 1194 891 1261 ἐπὶ
916 1197 978 1317 γής

37 1293 210 1384 ιτηκότωυ
247 1295 415 1364 Πάλιυοί
401 1294 495 1383 ίμέν
517 1297 667 1397 πολέμιοι
689 1296 836 1420 χελωνας
849 1295 976 1383 προσά

37 1424 129 1478 οντες
163 1395 205 1466 τὰ
231 1404 323 1486 τείχη
348 1401 540 1469 συνέστιον·
569 1395 745 1468 αλλ’δδαπδ
765 1402 832 1466 τάν
855 1425 976 1486 τειχων

37 1499 174 1589 όλιβδον
189 1500 311 1589 τηκτὸν
323 1503 361 1569 ἐν
374 1506 493 1625 χριλκεί
491 1529 540 1581 οις
552 1505 791 1589 προωθοῦντες
805 1501 973 1588 κατέχεον,

37 1599 75 1689 γ’
99 1630 143 1673 ον
163 1606 343 1692 συνέβαινε
368 1601 430 1691 τήν
449 1603 600 1692 χελώνην
623 1601 919 1672 διαλύεσθαι.οί
938 1601 976 1671 δέ

37 1704 163 1795 ολέμιοι
176 1704 258 1795 μετὰ
271 1713 328 1794 τῆς
342 1705 489 1793 χελώνης
504 1709 540 1776 ἐκ
554 1705 695 1792 πύργων
711 1706 975 1792 προσαγομένων

37 1819 84 1889 ζος
97 1808 252 1894 ἐπέχεον,
272 1810 328 1876 καὶ
346 1810 594 1894 κατεσβέννυον
606 1807 666 1875 τόν
683 1833 719 1875 τε
733 1805 896 1894 μόλιβδον
917 1808 974 1875 καί

37 1929 72 1978 σα
82 1906 169 1979 άλλα
183 1907 248 1978 άπό
257 1914 326 1978 τοῖν
335 1914 454 1996 τειχῶν
463 1916 601 1979 καίοντα
612 1907 739 1997 ἠφίετο.
762 1907 974 1997 Σβεστήριον

37 2009 74 2101 δερ
95 2010 201 2100 πυρός
222 2012 365 2100 μάλιστα
379 2010 451 2093 ὅξος
466 2011 678 2081 είναιδοκεί·
702 2009 839 2099 άριστου
853 2011 891 2080 δέ
906 2011 974 2080 κιό-

37 2142 102 2204 υμα
114 2112 221 2203 πυρὸς
234 2115 499 2203 ἐπαλειφόμευον
509 2113 583 2197 όξος
593 2157 637 2168 -
648 2112 767 2204 ήκιστα
777 2114 841 2202 γάρ
850 2114 973 2183 τοότου

37 2223 80 2304 άρ
96 2214 236 2287 ἅπτεται
253 2256 297 2267 -
318 2219 374 2286 καὶ
390 2217 535 2343 σπόγγρς
551 2214 672 2297 ὕδατος
682 2214 810 2306 πλήρης
824 2237 973 2304 προσαρ-

37 2319 167 2409 άμενος.
190 2316 298 2390 Ἔνιοι
320 2320 358 2389 δὲ
379 2318 461 2407 πρὸς
480 2319 539 2389 τὸν
554 2319 797 2408 καταχεόμενον
811 2319 974 2407 μόλιβδον

37 2429 130 2504 ίλους
153 2437 222 2504 τοῖς
235 2421 468 2512 μηχανήμασιν
482 2426 672 2509 ἐπιθέντες,
692 2427 775 2510 χοῦν
789 2424 845 2492 καί
867 2419 975 2510 πηλόν

37 2527 252 2617 ιτριχωμένον
265 2532 447 2615 προσῆγον.

342 2705 367 2760 4.
388 2707 642 2762 ΦΙΛΟΠΟΙΜΗΝ.

83 2838 297 2920 Φιλοποίμην
318 2829 381 2903 οάκ
403 2831 531 2922 ἐνόμιζε
545 2830 727 2922 προσήκειν
740 2828 860 2925 άγαθῷ
873 2849 972 2916 στρα-
992 2847 1005 2896 1

37 2943 102 3030 ηγῷ
114 2941 174 3025 τής
185 2936 362 3024 φάλαγγος
376 2933 549 3026 ἡγεῖσθαι·
565 2933 649 3006 άλλά
661 2935 735 3004 τοτὲ
748 2934 811 3022 μέν
825 2936 862 3002 ἐν
880 2931 971 3021 πρό·
1044 3005 1051 3013 ,

37 3066 95 3125 τις,
108 3038 184 3109 τοτὲ
197 3039 235 3108 δὲ
246 3035 284 3108 ἓν
297 3038 454 3126 ἐσχάτοις,
470 3040 628 3119 πολλάκις
639 3039 676 3108 δέ
690 3039 746 3106 καὶ
760 3033 843 3106 κατά
853 3035 974 3122 μέσους

37 3142 235 3230 αριππεόαν
244 3141 358 3212 καλ’
311 3168 437 3223 παντας
446 3147 579 3233 ἐφορῶν
587 3139 640 3212 άελ
650 3139 686 3210 τδ
700 3135 973 3229 άμαρτανόμευον

37 3249 260 3332 ιανωρθοῦτο.

86 3352 299 3435 Φιλοποίμην
327 3342 393 3416 υπὸ
415 3351 694 3435 Λακεδαιμονίων
713 3311 888 3412 ἐδιιάκετο
916 3343 1006 3412 καίθ

37 3472 88 3520 τον
107 3476 203 3521 ουπω
221 3449 574 3538 καταλαμβανόμενος,
595 3446 654 3517 τόν
670 3444 835 3572 Εάρράταν
855 3442 973 3532 διαβάς

37 3547 973 3645 ροσέταξετοτςίππεῦσιυάποχαλινάσαιτοδςίππουςκαί
