2318 3892
509 176 663 239 ΕΚΤΟΝ.
1011 178 1072 240 225

105 345 217 436 χάζειν
243 347 436 432 ἐκέλευσεν,
470 343 594 429 ἀλλους
618 347 654 417 δὲ
667 346 887 438 τριηράρχους
901 346 1072 434 ἀπέδειξθ

105 466 174 531 τοῖς
200 450 238 520 δὲ
259 456 396 530 οἰκείοις
417 454 487 519 τών
507 446 667 520 ὑπόπτων
688 448 790 540 ἀρχάς
807 453 863 520 καί
884 456 1079 542 ἐπιμελείας

108 557 283 642 ἐνεχείριζε
299 557 439 641 κωμῶν,
464 547 507 632 ώς
523 551 564 641 δη
578 555 794 641 φιλοφρόνως
814 561 899 641 έχων
913 555 995 644 πρὸς
1010 555 1070 626 αύ-

107 657 193 735 τούς.
219 653 308 725 Ἐπεὶ
323 654 359 723 δὲ
373 653 433 723 τόν
448 654 594 743 πόλεμον
608 655 831 743 κατελύσατο,
858 662 991 728 δίκαιον
1006 667 1071 749 ἔφη

55 786 66 815 ⁵·
80 777 94 833 ,ὕ
108 763 270 849 κριθῆναι
284 755 362 838 τούς
379 754 565 843 ὑπόπτους,
590 762 647 825 ἵνα
661 757 706 847 μη
721 758 799 847 δόξῃ
815 757 944 847 ἀλόγως
958 759 1073 842 αὐτοῖς

55 874 84 919 ¹²
105 858 296 949 ἀπιστῆσαι.
322 859 573 947 Παρελθόντων
587 861 625 928 δὲ
640 871 688 940 εἰς
704 859 742 930 τό
757 863 973 952 δικαστήριον
987 861 1072 952 ὁμοῦ

55 984 69 1033 ε
104 979 174 1045 τοῖς
190 969 338 1047 οἰκείοις,
356 963 556 1052 περιστήσας
571 958 786 1052 ὡπλισμένην
799 964 946 1054 δύναμιν
959 963 1068 1036 ἀπαν-

55 1068 71 1125 't
104 1094 162 1148 τας
175 1063 299 1145 αὐτούς
312 1063 535 1154 ἀναιρεθῆναι
549 1068 760 1154 προσέταξεν.

55 1184 70 1223 ⁵·
182 1169 344 1262 Λεύκων,
365 1167 698 1257 ἐπιστρατευσάντων
707 1166 948 1257 Ἡρακλεωτῶν
970 1161 1105 1239 ναυσίλ

55 1278 88 1337 β
103 1281 247 1351 πολλαῖς
259 1274 315 1339 καί
329 1268 585 1358 ἀποβαινόντων
599 1266 674 1340 ὁποι
687 1276 746 1359 τῆς
759 1271 868 1360 χώρας
881 1270 1072 1360 ἐβούλοντο,

57 1384 65 1419 ¹
102 1373 200 1465 ὁρών
214 1372 292 1455 τούς
305 1369 409 1443 αὑτοῦ
423 1373 624 1462 στρατιώτας
639 1376 926 1455 έδελοκακούντας
939 1377 995 1444 καί
1010 1371 1073 1446 οὐκ

101 1477 324 1564 ἀνείργοντας
331 1528 340 1563 ,
368 1480 460 1556 ἔταξε
480 1474 558 1555 τούς
576 1472 713 1555 ὁπλίτας
735 1475 887 1565 πρώτους
910 1475 993 1565 πρὸς
1010 1475 1072 1566 την

100 1578 274 1669 ἀπόβασιν
290 1585 359 1648 τών
373 1584 558 1665 πολεμίων,
576 1580 630 1646 έπί
646 1579 682 1647 δὲ
697 1577 826 1657 τούτοις
839 1575 984 1648 όπισθεν
995 1578 1072 1658 τούς

102 1683 264 1762 Σκύθας·
281 1683 336 1752 καί
349 1685 505 1770 φανερώς
519 1679 722 1775 παρήγγειλε
739 1695 808 1758 τοῖς
823 1681 997 1766 Σκύθαις,
1013 1680 1072 1751 ἐάν

55 1797 79 1841 ⁵
101 1791 140 1855 οἰ
164 1783 297 1855 ὁπλῖται
325 1780 451 1852 όκνώσι
477 1782 533 1848 καί
559 1780 636 1860 τούς
661 1787 840 1869 πολεμίους
866 1780 1071 1870 ἀποβαίνον-

101 1916 164 1968 τας
191 1887 417 1975 παρέχωνται,
451 1888 636 1972 τηνικαῦτα
669 1883 818 1966 τοξεύειν
851 1887 907 1954 καί
933 1886 1070 1955 κτιννύ·

104 2018 158 2061 ειν
188 1987 321 2067 αὐτούς.
370 1991 475 2056 Τοῦτο
506 1986 674 2073 μαθόντες
700 1992 734 2055 οί
745 1982 877 2057 ὁπλῖται
897 1986 1072 2077 εὐρώστως

102 2091 185 2174 τοὺς
197 2097 377 2178 πολεμίους
397 2087 595 2177 ἀποβαίνειν
610 2086 769 2159 ἐκώλυον.

294 2336 334 2392 10.
352 2333 603 2396 ΑΛΕΞΑΝΔΡΟΣ
625 2338 881 2392 ΦΡΟΤΡΑΡΧΟΣ.

55 2513 89 2560 ²⁰
179 2495 396 2589 Ἀλέξανδρος
424 2495 635 2585 φρούραρχος
661 2501 730 2564 τών
749 2498 825 2586 περὶ
846 2494 908 2584 τὴν
927 2501 1071 2565 Αἰολίδα

103 2607 257 2693 χωρίων,
287 2598 544 2690 μισθωσάμενος
558 2605 637 2668 τών
664 2595 724 2667 ἀπ’
755 2595 880 2678 Ἰωνίας
896 2595 973 2678 τούς
995 2595 1070 2684 ἀρί-

104 2727 207 2786 στους
226 2700 431 2791 ἀγωνιστάς,
454 2699 600 2789 αὐλητάς
618 2700 681 2788 μέν
695 2701 912 2791 Θέρσανδρον
933 2703 990 2770 καί
1007 2710 1070 2770 Φι·

104 2809 255 2894 λόξενον,
264 2802 446 2893 ὑποκριτάς
462 2805 498 2874 δὲ
508 2810 748 2892 Καλλιππίδην
761 2806 818 2873 καί
827 2803 1070 2894 Νικόστρατον,

106 2914 196 2982 θέαν
209 2906 394 2999 ἀπήγγειλε.
418 2906 511 2995 Πρός
525 2907 588 2996 μὲν
601 2904 664 2996 τὴν
678 2907 779 2990 δόξαν
792 2913 861 2976 τών
874 2904 1072 2994 ἀγωνιστών

68 3031 91 3073 ²⁶
106 3017 320 3102 συνέδραμον
339 3008 376 3081 έκ
398 3015 466 3079 τών
488 3017 630 3099 πλησίον
644 3011 777 3080 πόλεων
796 3006 951 3087 άπαντες.
982 3004 1088 3076 Ἐπεί

105 3117 144 3187 δὲ
168 3120 293 3207 πλῆρες
305 3113 342 3183 τό
357 3116 503 3199 θέατρον
515 3104 575 3200 ἦν,
602 3111 803 3202 περιστήσας
818 3109 895 3190 τούς
908 3109 1071 3199 στρατιώ-

103 3246 164 3300 τας
175 3220 235 3289 καί
248 3215 326 3298 τούς
340 3215 547 3305 βαρβάρους,
562 3212 642 3302 μεθ’
661 3205 709 3284 ών
723 3211 883 3309 ἐφρούρει
897 3211 938 3282 τά
954 3218 1072 3302 χωρία,

105 3322 234 3402 πάντας
252 3319 331 3400 τούς
350 3317 474 3398 δεατάς
499 3314 680 3405 συλλαβών
697 3313 811 3394 αὐτοῖς
825 3318 920 3385 παισὶ
939 3317 996 3385 καί
1009 3342 1070 3401 γν-

55 3434 61 3489 Ι
105 3425 206 3512 ναιξλ,
219 3424 326 3511 λύτρα
338 3422 467 3511 μεγάλα
478 3418 594 3508 λαβών
606 3417 684 3499 τούς
696 3419 759 3507 μὲν
773 3415 957 3505 ἀπέλυσεν,
972 3413 1072 3497 αὐτὸς

55 3548 91 3596 σε
105 3526 199 3601 obv&
210 3531 319 3616 χωρία
331 3533 483 3616 Θίβρωνι
496 3520 668 3614 παραδούς
683 3518 870 3610 ἀπηλλάγη.

55 3644 57 3713 λ
154 3657 288 3698 mum
307 3654 406 3692 εοεεπ.
887 3634 925 3694 15

55 3720 57 3745 Ι
