2318 3892
456 188 685 249 ΤΕΤΑΜὈΝ.
990 189 1049 248 155

86 357 231 438 λάντοις.
262 357 462 447 Πυθόμενος
475 358 684 450 Δημήτριος,
707 357 888 449 ἀναλαβῶν
900 357 957 440 τὰς
971 356 1048 449 ἡμι-

86 468 198 546 ολίας,
212 459 271 541 τάς
286 462 348 550 μὶν
363 457 429 531 ύπό
443 460 505 551 τὴν
517 462 631 552 χῶραν
645 465 821 533 ἐκέλευσεν
835 459 1047 552 ύφορμῆσαι·

88 560 189 644 αὐτὸς
208 563 246 634 δέ
269 567 325 634 ἐπὶ
347 570 423 652 μιᾶς
444 567 557 636 πλέων
575 567 631 635 καὶ
646 565 822 654 Νικάνορα
836 563 1048 655 προσλαβῶν,

87 674 183 738 ἔπλει
196 664 279 756 πρὸς
291 665 351 737 τόν
364 668 481 756 λιμένα
495 675 552 756 τῆς
562 666 713 757 Ἐφέσου.
737 664 772 736 ‘0
786 668 848 757 μέν
857 668 1049 756 Δημήτριος

67 773 126 840 οέν
138 776 237 859 κοίλη
250 771 307 858 νηὶ
330 774 593 859 κατεκέκρυπτο·
615 777 770 860 φανερῶς
791 771 829 841 δὲ
852 767 1048 860 όΝικάνωρ

85 873 200 944 ἐκάλει
226 870 286 943 τόν
305 873 501 962 Διόδωρον,
530 869 574 952 ῶς
595 875 827 962 διαλεξόμενος
851 871 942 967 αὐτῶ
969 874 1048 961 περὶ

84 981 157 1046 τῶν
184 981 415 1063 στρατιωτῶν,
442 973 532 1056 ὅπως
555 973 714 1064 ἀσφαλῶς
741 975 855 1057 αύτοϊς
881 975 1047 1046 ἀπελθεῖν

85 1080 306 1169 ἐπιτρέψειεν.
338 1074 374 1147 ‘0
397 1079 452 1165 δὲ,
473 1075 654 1167 ύπολαβῶν
674 1077 769 1168 ἥκειν
791 1077 851 1148 τόν
871 1079 1047 1167 Νικάνορα

84 1178 207 1269 μόνον,
231 1178 348 1268 ἐπιβὰς
370 1181 542 1251 ἐπικῶπου
560 1184 696 1272 κέλητος
721 1174 915 1272 έτοιμοςῆν
938 1196 1045 1251 ποιεῖ·

55 1305 67 1345 ⁰
83 1296 168 1356 σθαι
185 1282 243 1365 τάς
257 1283 439 1372 συνθήκας.
468 1281 524 1365 Ὡς
538 1285 576 1355 δέ
594 1283 693 1374 ἐγγύς
706 1277 764 1375 ἦν,
787 1289 823 1354 ἐκ
837 1283 921 1365 νεῶς
934 1291 1048 1372 κοίλης

82 1385 301 1476 ἀναπηδήσας
324 1388 515 1476 Δημήτριος
540 1386 598 1458 τὸν
625 1389 688 1478 μὲν
713 1392 835 1477 κέλητα
860 1392 1047 1458 κατέδυσεν

83 1487 199 1569 αὐτοῖς
219 1486 378 1578 ἀνδράσι,
404 1488 482 1570 τούς
512 1488 544 1560 δ’
571 1489 841 1581 ἀπονηξαμένους
862 1492 1044 1577 συνέλαβε·

82 1591 147 1683 τὴν
165 1590 196 1662 δ’
206 1589 349 1679 Ἔφεσον
362 1594 518 1681 κατέσχε,
534 1591 593 1663 τόν
606 1592 810 1683 προδιδόντα
823 1593 968 1681 φθάσας.

161 1694 373 1784 Δημήτριος,
391 1706 538 1782 Αίγιναν
550 1698 606 1765 καὶ
620 1705 797 1784 Σαλαμῖνα
811 1695 941 1785 λαβῶν,
956 1699 994 1765 ἐν
1006 1699 1047 1787 τῇ
1063 1722 1080 1775 5

56 1810 72 1863 ἐ·
81 1795 214 1887 Ἀττικῇ
243 1798 535 1887 στρατοπεδεύων,
558 1805 686 1888 ἔπεμψε
705 1796 787 1888 πρὸς
804 1798 883 1878 τούς
903 1801 941 1868 έν
960 1807 1044 1867 Πει-

83 1916 192 1990 ραιεῖ,
206 1906 310 1970 αἰτῶν
323 1897 409 1971 ὅπλα
422 1907 541 1988 χιλίοις
556 1899 736 1992 ἀνδράσιν,
755 1897 799 1982 ῶς
812 1894 895 1990 ἧκον
915 1900 1045 1991 σύμμα-

81 2000 267 2093 χοιαύτοῖς
285 2002 370 2073 κατά
396 2010 455 2074 τού
481 2004 651 2092 τυράννου
675 2004 861 2094 Λαχάρους.
914 2009 959 2074 Οί
983 2003 1046 2092 μέν

83 2106 323 2186 πιστεύσαντες
336 2101 506 2196 ἔπεμψαν·
530 2105 549 2177 ό
571 2108 609 2178 δέ
628 2106 743 2196 λαβῶν
756 2110 812 2178 καὶ
826 2105 1047 2198 ὁπλισάμενος

86 2206 212 2290 αύτούς
225 2209 443 2300 ἐπολιόρκησε
456 2206 534 2291 τούς
547 2214 752 2299 πέμψαντας.

55 2342 66 2383 ο
164 2310 355 2402 Δημήτριος
374 2319 434 2384 τού
446 2321 614 2402 Πειραιῶς
634 2314 833 2403 ἐκράτησεν,
856 2310 929 2401 ούχὶ
944 2313 1044 2383 παντὶ
1062 2332 1079 2386 6

84 2421 131 2509 τῶ
144 2422 295 2509 ναυτικῷ
307 2416 468 2505 κατάρας,
487 2406 572 2487 ἀλλά
585 2414 642 2497 τῶς
655 2416 718 2506 μὲν
730 2422 886 2496 πλείστας
898 2414 1044 2506 τριήρεις

82 2514 151 2588 ἀπὸ
168 2524 217 2612 τῷ
236 2525 374 2612 Σουνίῳ
401 2528 581 2606 ναυλοχεῖν
601 2519 778 2604 κελεύσας,
799 2529 904 2587 εἴκοσι
932 2517 968 2587 δὲ
987 2514 1045 2599 τῶς

82 2617 203 2710 άριστα
216 2621 383 2702 πλεούσας
402 2623 653 2710 ἐπιλεξάμενος,
674 2624 861 2717 προσέταξε
877 2623 984 2715 ῥοθίῳ
1004 2625 1046 2710 τῇ

83 2729 213 2816 εἰρεσία
237 2734 336 2795 πλεῖν
350 2722 412 2794 ούκ
426 2726 481 2794 ἐπὶ
496 2724 535 2794 τὸ
548 2722 651 2811 άστυ,
674 2721 750 2795 ἀλλ’
775 2721 818 2804 ῶς
832 2725 886 2794 ἐπὶ
896 2721 960 2813 την
972 2732 1044 2793 Σα-

55 2856 66 2895 5
83 2835 218 2916 λαμῖνα.
252 2826 443 2916 Δημήτριος
456 2823 475 2897 ὁ
487 2824 679 2917 Φαληρεύς,
692 2825 885 2916 Ἀθηναίων
905 2847 1046 2915 στρατη·

82 2935 174 3018 μῶν,
195 2928 356 3017 ἐτύγχανε
370 2931 712 3020 μένκασσανδρίζων·
733 2928 800 3000 ἀπὸ
819 2931 857 3000 δὲ
877 2935 935 3016 τῆς
948 2926 1046 3015 ἀκρο·

86 3032 218 3113 πόλεως
230 3030 378 3103 κατιδῶν
398 3030 456 3114 τάς
470 3044 575 3104 είκοσι
589 3037 667 3114 νέας
683 3034 737 3102 ἐπὶ
751 3040 942 3119 Σαλαμῖνος
962 3040 1043 3100 πλε-

85 3135 209 3222 ούσας,
236 3135 391 3223 ἐνόμισεν
418 3135 505 3206 εἶναι
532 3133 762 3224 Πτολεμαϊκὰς
791 3135 846 3203 ἐπὶ
867 3140 1045 3221 Κορίνθου

84 3239 326 3327 πορευομένας.
368 3238 467 3308 Ολδὲ
488 3240 628 3308 ἐπὶτῶν
655 3248 761 3307 εἰκοσι
787 3238 1046 3325 ἐπιστρέψαντες

55 3373 63 3411 ι
83 3338 193 3421 εύθύς
217 3346 279 3410 τού
299 3346 468 3429 Πειραιῶς
492 3343 672 3428 κατέσχον,
701 3345 901 3429 παραχρῆμα
930 3338 968 3408 δέ
988 3340 1046 3408 καὶ

81 3440 310 3517 Σουνιύθενὸ
338 3443 454 3524 στόλος
473 3440 559 3523 ἀπας
587 3441 820 3532 ἐπικατηγετο·
850 3439 935 3512 ῶστε
957 3440 1044 3512 πολύ

82 3552 217 3638 πλῆθος
229 3547 387 3635 ἐκβάντες
399 3545 624 3635 κατελάβοντο
642 3543 721 3628 τοὺς
734 3542 884 3636 πύργους
906 3545 964 3615 καλ
985 3542 1045 3616 τόν
