2318 3892
439 221 442 226 '
456 213 636 275 ΟΓΔΟΟΝ.
963 218 1021 281 331

64 383 208 473 μεγάλης
233 389 375 472 ταραχῆς
397 381 497 471 οῦσης
519 387 556 455 έν
572 383 715 477 Ἐφέσῳ,
738 389 881 457 καὶτῶν
907 400 1023 459 σελευ-

10 504 26 534 “·
64 486 224 570 κιζόντων
250 485 290 555 τά
317 494 407 575 τείχη
440 487 718 576 καταβαλλόντων
750 490 806 558 καὶ
833 490 891 572 τάς
918 492 1024 573 πύλας

65 586 290 677 άνοιγόντων,
317 596 363 669 είς
382 590 444 679 μέν
464 588 501 659 τῦ
522 606 661 678 φορεῖον
683 590 720 660 τό
739 592 915 681 βασιλικόν
928 598 1022 665 κατέ-

65 700 158 761 κλινε
178 691 392 781 θεράπαιναν
415 690 537 781 στολὴν
556 705 734 780 περιθεῖσα
751 694 945 784 βασιλικὴν,
968 699 1024 766 καὶ
1109 758 1114 766 .

10 792 18 802 ”
39 797 258 884 επεριέστησε
272 792 414 874 πολλοῦς
426 801 495 863 τῶν
516 791 751 865 ὑπασπιστῶν·
772 795 856 886 αῦτη
877 799 914 868 δὲ
929 825 1022 888 περι-

63 900 231 985 βαλομένη
247 896 347 995 ῥάκια
360 899 416 967 καλ
436 915 648 987 προσωπεῖον
662 904 916 988 ἐρρυπωμένον,
939 900 1022 973 καθ’

10 1062 14 1083 s
63 1002 180 1087 ἑτέραν
203 999 316 1088 θύραν
339 1003 461 1089 ἐξῆλθε
483 999 585 1089 μόνη,
613 1004 669 1070 καὶ
696 1008 868 1091 δραμοῦσα
889 1006 944 1074 ἐπὶ
965 1004 1023 1084 τάς

63 1106 146 1182 ναῦς
161 1100 357 1172 άπέπλευσε.
384 1102 620 1192 Μενεκράτης,
636 1100 683 1184 εἷς
696 1109 765 1173 τῶν
777 1102 961 1194 ἡγεμόνων,
975 1113 1022 1198 τῶ

61 1211 189 1295 φορείῳ
206 1203 405 1293 προσπεσῶν
424 1209 642 1294 κατεκέντησε
657 1205 718 1296 τὴν
730 1207 958 1297 θεράπαιναν,
974 1217 1021 1279 σι’-

12 1337 41 1377 ιι
61 1307 181 1394 όμενος
193 1305 365 1396 Ἀρσινόην
379 1308 546 1394 φονεύειν.

367 1485 409 1540 58.
425 1489 720 1541 ΚΡΑΤΗΣΙΠΟΛΙΣ.

95 1626 102 1640 ’
118 1619 120 1623 ’
138 1620 385 1700 Κρατησίπολις
398 1619 598 1704 Πτολεμαίῳ
617 1611 676 1682 τόν
690 1583 951 1702 Ἀκροκόρινθον
966 1619 1020 1684 έν-

63 1720 183 1785 ὃοῦναι
203 1717 392 1804 βουλομένη
414 1713 667 1804 φυλαττόμενον
694 1711 762 1784 ῦπῦ
789 1716 1020 1806 μισθοφόρων,

62 1827 97 1888 οἳ
122 1818 280 1898 πολλάκις
306 1825 445 1888 ἔπειθον
469 1813 575 1907 αύτην
605 1845 724 1906 χρηναι
754 1817 936 1906 φυλάττειν
961 1816 1022 1944 τβν

29 1967 184 2094 ὓάλλά
165 2024 221 2092 καὶ
241 2019 305 2092 άπὸ
319 2027 495 2103 Σικυῶνος
514 2029 578 2112 ἔφη
596 2027 871 2112 μεταπέμψεσθαι
891 2025 1020 2113 συμμά

61 2154 160 2215 χους,
191 2134 226 2196 οἳ
255 2123 332 2216 μετ’
368 2122 480 2195 αὐτῶν
513 2123 762 2216 άσφαλεστερον
803 2126 1019 2213 φυλάξουσιν.

52 2228 204 2317 ’Ἐπεμψε
224 2229 286 2317 μὲν
304 2227 387 2314 πρὸς
407 2236 620 2308 Σικυωνίους
643 2234 814 2319 φανερῶς,
841 2229 954 2317 κρύφα
984 2231 1021 2298 δὲ

62 2331 146 2420 πρὸς
166 2339 395 2419 Πτολεμαῖον·
416 2332 472 2399 καὶ
491 2328 568 2411 τοῦς
589 2328 671 2418 παρ’
694 2327 799 2400 αύτοῦ
819 2329 1021 2421 στρατιῶτας

20 2468 45 2506 20
62 2435 196 2522 νύκτωρ
217 2432 359 2523 ἥκοντας
381 2428 426 2513 ῶς
449 2431 526 2513 τούς
546 2429 610 2502 άπὸ
633 2439 808 2512 Σικυῶνος
830 2433 1022 2524 συμμάχους

63 2540 205 2620 ἐδέξατο.
245 2539 314 2606 Καὶ
340 2538 509 2624 παρέλαβε
531 2543 736 2624 Πτολεμαῖος
761 2532 1022 2626 Ἀκροκόρινθον

60 2638 213 2709 άκόντων
226 2645 294 2709 τῶν
308 2636 559 2726 φυλασσόντων.

440 2817 483 2874 59.
503 2819 637 2872 ῙΕΡΕΙΔ.

139 2929 302 2998 Δί’τωλοὶ
310 2932 542 3017 Πελληνεῦσιν
567 2925 817 3018 ἐπεστράτευον
863 2924 937 3014 Πρὸ
964 2953 1022 3046 της

16 3054 41 3098 2
62 3030 240 3121 Πελληνης
257 3028 359 3154 όχθος
380 3033 472 3100 ἐστὶν
493 3027 659 3118 ῦψηλὸς’
639 3028 780 3118 αντικρῦ
801 3055 858 3115 της
878 3025 1019 3114 άκροπό-

60 3146 163 3220 λεως,
192 3122 290 3218 έφ’“
271 3161 311 3202 ον
329 3137 365 3202 οἱ
382 3140 566 3220 Πελληνεῖς
589 3131 812 3210 συνελθόντες
830 3124 1019 3214 ῶπλίζοντο.

63 3242 132 3326 Της
143 3234 286 3324 Ἀθηνᾶς
300 3235 420 3322 ίέρειοι,
434 3233 519 3304 κατά
530 3261 562 3305 τι
574 3234 717 3324 νόμιμον
729 3238 858 3320 ἐκείνης
871 3259 928 3357 της
942 3229 1019 3323 ημέ-

59 3368 122 3427 ρας
136 3345 326 3409 πανοπλίαν
341 3345 462 3425 ἔχουσα
475 3338 531 3406 καὶ
553 3344 714 3426 τρίλοφον
736 3332 876 3460 κράνος,
896 3364 916 3424 η
938 3343 1017 3403 καλ·
1085 3335 1086 3338 '

58 3451 154 3530 λίστη
177 3443 235 3511 καὶ
249 3446 387 3529 μεγίστη
406 3443 474 3508 τῶν
488 3442 688 3528 παρθένων,
708 3435 774 3508 άπὸ
794 3463 853 3526 της
873 3433 1017 3575 άκροπό-

55 3555 288 3568 -..μ’-..η-

129 3584 198 3651 Gap.
216 3585 261 3638 59.
298 3583 341 3638 Of.
359 3584 432 3637 Plut
449 3584 535 3638 Arato
546 3584 593 3639 32.
