2318 3892
90 178 179 226 amn
318 190 329 201 ³
423 145 425 150 ’
489 177 698 227 antoanam.

91 339 188 396 borum
203 337 286 395 veluti
307 343 367 401 336,
383 342 401 397 4
421 330 522 394 ἔπεσεν
538 328 719 411 ἐμπεσούσης
741 333 913 412 κεραμίδος,
933 346 997 402 323,

91 418 316 496 προβαλομένη,
328 419 530 498 συλλαβοῦσα,
547 419 772 500 προσβαλοῦσα,
788 421 906 497 λαβεῖν,
922 411 1013 479 ἆιιολι

90 508 132 567 vel
146 515 188 571 91,
201 510 242 568 '14
255 525 295 581 sq.
312 501 441 581 μέλλειν,
455 502 576 581 μέλλων,
593 503 723 581 ἔμελλον,
738 502 883 581 μέλλουσι,
900 515 961 574 253,
977 516 994 570 7

89 588 206 663 ἔταξεν,
225 583 309 661 τάξαι
327 586 497 667 προσέταξε,
520 593 616 648 iisdem
629 592 765 649 vocabulis
787 594 912 667 repetitis
933 594 1013 666 paula

20 707 23 712 ,
89 695 167 734 versa
184 676 395 750 significatione:
411 678 529 750 denique
547 663 688 733 ἀντίθετα
705 677 765 740 illa,
785 678 881 751 quibus
904 677 987 733 finem
1009 699 1013 735 a

89 768 226 835 gematum
243 779 374 818 exornare
389 761 474 825 solet,
500 779 540 817 ea.
556 779 597 839 gr.
614 768 672 825 165,
688 769 722 822 18
739 748 845 817 αὐτίκα
862 748 897 833 δὴ
913 757 947 815 οἱ
959 757 1013 838 μὲν

88 863 190 914 νοντες
204 839 347 921 ἔφευγον,
362 841 395 901 οἶ
406 839 438 902 δέ
451 835 610 921 φεύγοντες
624 839 764 918 ἐδίωκον,
784 853 843 909 200,
862 855 877 907 1
898 839 951 901 καὶ
971 839 1013 919 ην

88 917 157 1000 τοὺς
178 924 233 1004 μὲν
254 921 434 1003 νικήσαντας
448 922 642 1004 ἡττημένους,
668 918 737 998 τούς
760 925 791 987 δὲ
811 919 995 1004 ἡττημένους

89 1029 208 1088 σαντας,
229 1015 326 1088 quibus
341 1015 439 1071 similia
455 1017 621 1072 restituenda
637 1023 701 1071 sunt
716 1014 778 1072 loco
795 1015 924 1073 lacunoso
942 1023 1003 1080 148,

126 1130 130 1136 ·
173 1100 244 1156 Hace
265 1108 296 1156 ut
318 1088 442 1156 rddoleut
466 1100 572 1156 scholas
598 1100 739 1156 rhetorum
747 1094 793 1174 26),
817 1118 933 1173 quorum
954 1119 969 1157 e
991 1119 1011 1157 n

88 1188 148 1259 ipse
161 1184 213 1239 fuit
230 1184 398 1257 Polyaenus,
414 1185 452 1240 ita
466 1183 547 1257 longe
562 1181 711 1240 abhorrent
726 1184 758 1240 ab
777 1184 930 1241 urbanitate
950 1193 979 1240 et
997 1205 1011 1241 c

62 1260 65 1277 ”
90 1271 126 1325 tia
149 1276 279 1325 veterum.
328 1267 385 1326 Sed
406 1268 434 1323 in
449 1268 508 1325 aliis
529 1268 657 1342 operibus
678 1269 827 1342 propiusue
860 1270 892 1325 ad
914 1269 991 1325 illam

89 1354 156 1411 serit
179 1351 220 1425 (ut
238 1352 342 1408 Aeliani
367 1352 452 1409 libros
475 1352 681 1427 philosophicos
703 1353 874 1427 praestitisse
891 1354 924 1408 iis
947 1356 1013 1427 perlt

89 1440 135 1512 qui
159 1437 347 1494 inscribuntur
367 1437 463 1493 ‘variae
483 1436 637 1509 historiae')
662 1454 714 1510 ego
732 1438 839 1512 quidem
857 1455 913 1493 non
931 1440 1013 1499 ausin

87 1524 185 1579 dicare.

172 1606 205 1662 Hi
217 1606 303 1679 igitur
316 1613 537 1678 strategematum
548 1604 620 1667 libri,
636 1605 669 1661 ad
679 1605 845 1661 Antoninum
858 1613 885 1662 ct
900 1606 1003 1664 Verum

88 1691 121 1747 ab
140 1680 355 1766 imperatoribus
364 1690 491 1746 Romanis
507 1706 606 1763 magno
621 1690 726 1745 honore
742 1690 826 1745 hahiti
845 1698 872 1746 et
894 1693 974 1763 quasi
996 1694 1013 1748 h

87 1783 144 1832 tate
166 1793 215 1851 per
233 1792 327 1831 manus
345 1774 449 1838 traditi,
470 1775 586 1848 denique
601 1774 685 1830 Roma
699 1774 856 1849 Byzantium
875 1792 975 1833 novam
994 1778 1013 1831 ii

51 1924 53 1928 y
87 1862 179 1917 sedem
196 1859 279 1915 delati
303 1876 363 1915 esse
380 1859 518 1921 videntur,
544 1859 581 1914 ita
602 1865 633 1913 ut
653 1857 695 1914 vel
715 1868 829 1915 exeunte
851 1859 961 1919 saeculo
981 1878 1013 1917 no

88 1945 149 2000 Chr.
168 1945 223 1999 Leo
245 1951 351 2006 scitne,
372 1942 566 2016 philosophus,
597 1938 766 1998 lecticorum
796 1951 904 2006 auctor,
933 1945 1013 2019 Polya

87 2029 142 2085 sive
156 2027 284 2102 Polyaeni
301 2035 428 2100 excerpta
442 2043 523 2082 manu
540 2025 674 2084 indelessa
684 2028 847 2090 versaverit,
870 2029 981 2085 saeculo
997 2030 1013 2085 d

86 2113 175 2169 medio
196 2112 388 2168 Constantinus
405 2084 703 2185 lorphyrogeoitusw)
721 2111 887 2188 Polyaenum
907 2121 935 2169 et
958 2113 1011 2187 Syr

86 2197 158 2253 inter
175 2197 336 2271 praecipuos
355 2203 383 2252 et
397 2196 511 2251 maxime
528 2195 696 2252 necessarios
712 2195 892 2253 bibliothecae
909 2198 1003 2270 regiae

85 2281 353 2338 commemoraverit*
383 2280 429 2336 Usi
448 2297 557 2355 quoque
573 2280 728 2353 strategicis
749 2282 852 2337 nostris
871 2289 899 2336 et
917 2282 1010 2355 reliqu

86 2366 174 2441 lyaeni
192 2365 269 2422 libris
286 2364 432 2428 Stobaeus‚
451 2364 561 2426 Suidas,
578 2371 606 2421 et
620 2365 776 2440 Anonymus
794 2366 826 2422 de
837 2365 1012 2423 Incredibilih

86 2469 132 2525 pg·
151 2458 203 2512 323
217 2450 395 2524 paradoxogr.
412 2442 601 2522 Westerm.²⁸)

43 2531 45 2533 ’
170 2535 298 2610 Byzantio
318 2541 475 2594 ann01453
495 2540 576 2608 capto
593 2533 719 2591 Micbael
734 2527 953 2607 Apostolios29),
977 2537 1013 2608 ipa

85 2622 203 2683 zantius,
224 2619 383 2675 notissimus
404 2618 611 2693 proverbiorum
632 2620 762 2694 scriptor,
780 2637 841 2676 cum
856 2620 983 2683 Romam,
1004 2623 1013 2676 ι’

55 2711 57 2715 ’
84 2706 191 2762 Cretam
212 2704 394 2778 profugisset,
418 2703 599 2776 ludimagistri
626 2703 715 2761 olficio
739 2703 1013 2777 describendisquee

84 2789 135 2846 bus
151 2788 255 2862 graccis
273 2788 373 2844 victum
391 2788 546 2862 quaeritans
560 2787 724 2861 Polyaenum
740 2806 863 2864 quoquc,
887 2789 1010 2862 exempla

77 2873 138 2949 'quo
158 2874 275 2930 fortasse
291 2871 528 2946 Constantinopoli
542 2872 652 2928 advecto
669 2888 751 2936 usus,
771 2891 820 2930 sua
841 2890 922 2929 manu
941 2873 1013 2930 desci

83 2947 130 3032 qui
154 2958 239 3015 codex
260 2956 439 3013 bibliothecae
453 2956 570 3012 Venetae
589 2955 615 3012 S.
636 2957 717 3014 Marci
737 2957 829 3025 illatus
848 2964 899 3014 est.
935 2957 1000 3014 Eius

81 3043 230 3113 Arsaniae,
247 3041 444 3099 blonembasiae
460 3041 605 3115 episcopus¹
623 3040 868 3115 (†Venetiis1535)
886 3059 1013 3100 unacum

152 3206 195 3273 26)
209 3208 266 3258 cn.
279 3205 426 3257 Markland
439 3207 474 3257 ad
485 3207 596 3258 Maxim.
609 3207 674 3271 Tyr.
685 3224 713 3272 p.
726 3205 776 3257 674
784 3205 805 3257 b.

149 3276 193 3340 27)
206 3277 239 3325 de
253 3276 426 3326 caerimoniis
438 3275 492 3326 vol.
505 3291 517 3324 1
529 3291 574 3341 pg.
587 3273 638 3324 467
656 3276 721 3326 edit.
734 3275 896 3327 Bonnensis.
914 3273 916 3276 ’

149 3342 193 3406 28)
206 3343 268 3393 Vid.
282 3344 318 3393 ad
329 3342 498 3406 Polyaenum
509 3344 531 3406 1,
546 3359 588 3408 cp.
601 3342 626 3392 2.
907 3351 916 3371 ⁶

148 3410 192 3476 29)
206 3411 249 3463 cf.
266 3412 332 3462 Ern.
351 3410 385 3460 de
402 3410 524 3461 Leutsch
540 3411 570 3461 in
581 3410 670 3476 praef.
687 3410 992 3478 paroemiographorum
1006 3414 1013 3460 t

84 3495 178 3531 corum
189 3479 243 3531 vol.
256 3480 294 3530 11.
308 3478 432 3544 Gotting.
447 3477 520 3528 1852.
