2318 3892
159 191 199 253 38
557 188 740 250 ΒΙΒΛΙΟΝ
1116 39 1133 281 ἀ

163 365 316 432 ἐποιεῖτο.
368 365 444 430 Τῶν
475 360 513 430 δέ
545 359 780 448 πληρωμάτων
809 360 1113 450 σιηκροτηθέντοι,

162 462 284 544 νυκτὸς
310 460 441 553 ἀφῆκεν
462 459 564 544 αύτάς
588 469 636 543 εἰς
656 460 695 532 τὸ
716 462 877 550 πέλαγος,
899 471 1115 553 παραγγείλις
1141 488 1146 497 ·

163 575 347 637 καταπλεῖν
360 564 544 656 ἀρχομένης
556 562 690 655 ἡμέρας.
713 560 771 646 Ὡς
785 564 823 635 δὲ
843 568 881 635 οί
890 569 1058 657 πολέμιοι
1071 592 1115 639 τι·

163 669 370 751 ταπλεούσας
392 669 501 754 εἶδον,
529 667 583 738 ἐπ’
604 665 706 748 αύτάς
726 663 942 756 ἀνήχθησαν.
995 676 1073 740 Τῶν
1092 670 1117 739 λλ

162 772 442 862 μεταβαλομένων
473 777 521 852 είς
552 769 681 861 φυγὴν,
712 774 748 840 οί
764 771 827 860 μὲν
843 768 1036 860 Ἀθηναῖοι
1055 770 1117 863 μαά

162 881 313 965 σπουδῆς
338 879 498 946 ἐδίωκουτ
532 870 550 944 ὁ
577 875 614 944 δέ
642 875 814 954 Γύλιππος
840 871 901 954 τὰς
923 870 1119 955 ὑπολοίπους

161 985 246 1059 ναύς
276 978 454 1067 πληρώσας
481 976 675 1066 ἐπανήγετο.
716 972 772 1046 Ἐν
795 980 843 1070 τῷ
867 982 989 1073 καιρῷ
1017 978 1117 1073 τούιρ,

162 1083 240 1168 περὶ
254 1080 318 1170 τὴν
341 1086 530 1168 ναυμαχίαν
551 1085 620 1148 τῶν
636 1076 830 1167 Ἀθηναίων
853 1074 1117 1171 ἀσχολουμένου,

160 1188 195 1253 οί
206 1185 297 1267 πεζοὶ
310 1190 488 1253 Γυλίππου
507 1184 753 1270 συνταχθέντες
767 1182 873 1273 ῥᾷστα
891 1184 1066 1273 κατέσχον
1076 1180 1117 1253 τύι

162 1284 288 1373 λόφον,
302 1282 379 1366 τούς
395 1286 548 1374 φύλακας
562 1289 631 1354 τῶν
641 1281 835 1373 Ἀθηναίων
847 1284 1071 1374 ἐκβαλόντες.
1137 1334 1142 1343 ·

480 1513 523 1572 4³.
542 1515 803 1569 ΕΡΜΟΚΡΑΤΗΣ.

129 1692 143 1740 1
235 1671 468 1765 Ἑρμοκράτης,
482 1679 551 1744 τῶν
561 1672 724 1758 [δούλων]
739 1677 775 1745 ἐν
788 1674 1039 1762 Συρακούσαις
1051 1678 1114 1747 έιι-

162 1774 357 1848 ναστάντων
372 1780 428 1847 καὶ
439 1775 548 1867 χειρὸς
568 1781 693 1866 πολλῆς
706 1782 871 1867 οίκετικῆς
883 1774 1115 1869 ἠθροισμένης,

160 1878 244 1968 πρὸς
253 1878 312 1950 τὸν
326 1876 515 1970 ἡγούμενον
527 1877 641 1950 αὐτῶν
650 1887 1034 1971 Σωσίστρατουέπιμφε
1047 1898 1133 1969 πρε-ἴ·

160 1980 307 2071 σβεντην
332 1986 392 2052 ἕνα
409 1988 478 2052 τῶν
505 1981 681 2072 ἱππάρχων
697 1989 893 2071 Δαΐμαχον,
914 1979 953 2064 ὃς
972 1975 1023 2073 ἦν
1039 1980 1116 2077 αύτᾷ

149 2085 312 2179 ισυνήθης
322 2087 377 2155 καλ
391 2093 498 2174 φίλος,
511 2081 717 2174 ἀγγέλλοντα
730 2083 820 2174 παρά
832 2090 901 2165 τῶν
914 2092 1117 2177 στρατηγῶν,

160 2182 212 2269 ῶςΙ
227 2184 292 2277 ἀρα
306 2186 343 2256 τὸ
357 2187 515 2276 φρόνημα
537 2183 643 2256 αύτού
664 2187 892 2276 θαυμάζοντες
912 2188 1050 2272 πάντας
1066 2188 1117 2280 μέν

159 2291 361 2385 ἐλευθέρους
380 2287 517 2377 ἀφιάσι,
539 2289 665 2368 πάντας
688 2290 726 2360 δὲ
740 2286 894 2360 ὁπλιούσι
913 2292 974 2361 καλ
992 2290 1116 2382 σιτηρέ-

158 2415 233 2463 σιον
253 2391 399 2479 ὃῶσουσι
423 2390 461 2463 τὸ
489 2403 580 2479 ίσον,
613 2389 717 2463 αύτόν
739 2392 777 2463 δὲ
797 2391 858 2463 τὸν
881 2399 1117 2485 Σωσίστρατον

158 2490 386 2583 ἀποφαίνουσι
400 2494 628 2585 συνάρχοντα,
648 2497 705 2566 καλ
724 2493 790 2585 ἤδη
807 2523 847 2585 γε
858 2492 957 2585 ἥκειν
973 2504 1116 2585 βουλον·

159 2594 303 2685 σύμενον
321 2595 404 2687 μετὰ
423 2604 490 2669 τῶν
504 2603 716 2687 στρατηγῶν,
736 2596 797 2670 ὅσα
811 2596 848 2668 τὸ
866 2595 1048 2675 ὁπλιτικὸν
1063 2628 1117 2671 κα·

158 2706 317 2786 τεπείγοι.
346 2696 381 2769 ‘O
397 2670 435 2770 ἀλ
448 2705 681 2790 Σωσίστρατος
695 2708 736 2791 τῇ
757 2707 854 2793 φιλίᾳ
866 2705 928 2771 τού
942 2703 1118 2793 Δαιμάχου

157 2801 354 2886 πιστεύσας,
375 2800 582 2892 παραλαβών
596 2813 701 2874 είκοσι
714 2802 793 2884 τούς
809 2799 1120 2893 ἡγεμονικωτάτους

156 2909 225 2973 τῶν
241 2903 375 2974 δούλων
386 2895 446 2994 ἧκε
459 2903 541 2994 πρὸς
551 2903 682 2986 αύτούς.
708 2898 811 2977 Οὗτοι
824 2907 887 2996 μὲν
899 2911 1118 2999 συλληφθέν·
1132 2921 1148 2960 ²³

155 3034 209 3087 τις
223 3009 405 3096 ἐδέθησαν·
429 3004 650 3098 Ἑρμοκράτης
668 3009 716 3096 δέ,
731 3008 812 3099 μετὰ
826 3012 1012 3093 ἑξακοσίων
1025 3007 1118 3083 ὁπλι-

154 3114 225 3179 τῶν
246 3109 394 3192 έξελθῶν
417 3115 473 3181 καὶ
499 3110 576 3193 τούς
600 3111 896 3209 δούλουςλαβῶν,
927 3104 1119 3203 ῶμοσεν,ἦ

155 3210 223 3299 μὴν
237 3213 343 3301 μηθὲν
353 3211 467 3295 αύτοῖς
477 3214 592 3285 δεινὸν
605 3211 647 3285 ἀν
661 3218 833 3303 γενέσθαι,
844 3213 928 3305 πρὸς
939 3214 1002 3287 τάν
1015 3214 1121 3289 αὑτοῦ

155 3314 321 3403 δεσπότην
336 3318 472 3398 ἕκαστος
487 3323 518 3386 εί
529 3319 721 3389 ἐπανέλθοι.
748 3321 955 3400 Πεισθέυτες
971 3322 1119 3410 έπανῆλ·

152 3427 236 3504 θον,
258 3415 309 3488 ὅτι
322 3417 368 3508 μή
381 3421 485 3509 μόνον
506 3422 691 3512 τριακόσιοι
706 3423 788 3513 πρὸς
804 3420 1008 3515 Ἀθηναίους
1021 3426 1119 3521 ηύτο·
1135 3449 1149 3491 λ

152 3519 312 3609 μόλησαν.
384 3525 391 3533 ’
890 3528 893 3533 ’
