2318 3892
147 180 205 245 108
532 160 715 244 13113A101v

146 357 204 448 καὶ
223 353 285 445 τὴν
305 357 338 438 ἐξ
355 353 511 444 Ἀθηνῶν
538 363 729 443 συμμαχίαν
747 356 987 444 προσδέχοιτο,
1015 354 1109 436 είδῶς

146 460 209 549 τὴν
223 456 400 548 ἐπιστολὴν
413 461 666 546 ἐμπεσουμένην
691 473 760 538 τοῖς
772 457 896 543 φύλαξι
916 462 991 528 τῶν
1011 454 1106 528 ὁδῶν.
1134 508 1137 515 ·

144 561 233 633 Ἐπεὶ
247 562 285 632 δὲ
300 566 335 631 οί
346 561 495 650 φύλακες
509 560 665 648 ἐκόμισαν
678 558 718 629 τά
732 559 907 650 γράμματα
919 577 992 642 τοίς
1001 570 1104 631 Λακε-

149 672 350 754 δαιμονίοις,
371 670 406 734 οί
416 664 483 754 μέν
502 661 661 754 ῶρμησαν
680 664 931 752 συλλαμβάνειν
955 656 1043 747 τούς
1051 662 1104 735 σύ·

147 767 323 858 τομόλους·
346 773 382 837 οί
392 768 430 838 δέ
445 766 622 856 ἀγαπητῶς
645 769 825 856 ἐξέφυγον,
841 763 1039 855 Ἀθηναίοις
1051 768 1104 858 μέν
1122 797 1125 805 ’
1148 784 1153 819 ³

147 870 280 943 ἄπιστοι
293 870 483 960 γενόμενοι,
502 876 778 958 Λακεδαιμονίοις
791 869 830 939 δέ
849 870 1019 954 δόξαντες.

99 993 135 1046 58
223 972 411 1064 Ἰφικράτης
431 978 469 1044 ἐν
493 972 956 1068 Χίφ,τούςι1ακανίζοντας
984 976 1105 1063 ἐλέγξαι

149 1077 370 1168 βουλόμενος,
399 1080 510 1158 ένίους
529 1081 598 1146 τῶν
617 1083 827 1165 τριηραρχῶν
845 1080 1023 1165 ἐκέλευσε,
1051 1104 1105 1149 νο·

149 1180 226 1261 κτδς
241 1180 504 1267 ἐκπλεύσαντας,
527 1177 607 1268 μεθ’
629 1176 757 1269 ἡμέραν
778 1184 978 1251 ἐπιπλεῦσαι
997 1179 1105 1273 κύσμμ

151 1288 346 1377 Λακωνικῷ.
383 1287 428 1352 OC
453 1283 516 1371 μὲν
542 1291 789 1366 Λακωνίζοντες
816 1280 861 1364 ῶς
879 1283 1004 1371 εἶδον,
1031 1280 1106 1374 μετὰ
1143 1296 1153 1333 ¹⁶

151 1392 275 1475 πολλῆς
295 1391 396 1475 χαρᾶς
418 1388 473 1456 ἐπὶ
493 1382 553 1456 τὸν
571 1388 689 1475 λιμένα
708 1388 934 1475 κατέδραμον·
949 1382 977 1456 «ὃ
995 1387 1038 1458 δὲ
1050 1415 1105 1456 κυ-

149 1489 362 1578 κλωσάμενος
376 1486 666 1576 αύτούς(καδ)τοίς
681 1486 745 1560 άπὸ
758 1496 817 1579 της
830 1489 960 1572 πόλεως
968 1498 1106 1579 προσελ-

149 1599 269 1679 θοῦσι,
285 1595 451 1682 συνέλαβέ
468 1594 574 1662 τεκαὶ
591 1594 905 1687 κολασθησομένους
918 1590 1108 1684 Ἀθηναίοις

151 1706 309 1787 ἐπεμψεν.
478 1730 481 1735 ·

101 1811 134 1865 59
224 1797 426 1888 Ἰφικράτης,
454 1800 492 1866 ἐν
512 1794 643 1889 άπορίηι,
650 1795 829 1888 χρημάτων
853 1801 923 1866 τῶν
948 1819 1110 1881 στρατιω-
1150 1811 1153 1848 ¹

151 1908 220 1972 τῶν
234 1899 479 1990 θορυβούντων
491 1902 548 1969 καὶ
562 1898 680 1989 κοινὴν
699 1905 879 1989 ἐκκλησίαν
891 1903 1125 1989 αἰτουμένων,

150 2004 277 2092 ἄνδρας
293 2007 470 2091 ἐμπείρους
482 2007 540 2090 τῆς
552 2009 718 2093 Περσίδος
731 2001 878 2092 γλῶττης
890 2002 1011 2085 στολὰς
1023 2013 1110 2093 Παρ-

152 2105 247 2189 σικάς
260 2104 469 2176 ἐνδύσασθαι
479 2107 675 2194 προσέταξε,
697 2108 894 2195 πληθούσης
914 2112 974 2195 τῆς
995 2109 1111 2195 ἐκκλη-

152 2219 226 2292 σίας
239 2213 444 2297 έπιφανηναι
457 2209 514 2276 καὶ
537 2209 768 2297 παρελθόντας
787 2207 964 2297 άγγέλλειν
983 2217 1111 2300 βαρβα-

153 2314 259 2402 ριστὶ,
279 2308 452 2399 “Πλησίον
472 2317 506 2380 οί
522 2309 563 2380 τὰ
582 2311 730 2401 χρήματα
743 2320 947 2400 κομίζοντες,
965 2309 1065 2402 ἡμεῖς
1077 2312 1153 2382 δέο1

153 2417 442 2506 προεπέμφθημεν
461 2419 559 2484 τούτο
577 2413 837 2503 σημανοῦντες.”
872 2420 985 2485 Ταύτα
1006 2412 1110 2507 μηνύ-

153 2542 286 2604 σαντες,
301 2522 336 2587 οί
346 2523 544 2606 στμτιῶται
559 2521 720 2589 διέλυσαν
732 2517 795 2608 τὴν
808 2523 1001 2607 ἐκκλησίαν.

102 2635 138 2689 60
229 2620 416 2711 Ἰφικράτης
439 2623 476 2690 ἐκ
498 2625 557 2709 τῆς
570 2618 786 2710 Ὀδρυσιάδος
802 2629 898 2691 λείαν
912 2619 1044 2712 πολλὴν
1056 2648 1109 2692 πε·

154 2725 327 2814 ριηλασεν·
348 2727 492 2793 ἐδίωκον
513 2728 547 2792 οί
561 2721 754 2811 Ὀδρυσαίοι
781 2726 905 2812 πλήθει
925 2730 1054 2819 πολλῷ.
1079 2721 1110 2793 ‘0

154 2829 209 2916 δέ,
237 2833 348 2906 ίππείς
370 2832 457 2914 ἔχων
477 2823 628 2914 ὀλίγους,
653 2832 781 2896 ἔδωκεν
800 2826 915 2908 αὐτοῖς
932 2830 1153 2917 ααιομύααςθ2

155 2930 344 3020 λαμπάδας,
359 2930 416 2997 καὶ
430 2928 674 3016 προσελαύνειν
687 2933 843 3000 ἐκέλευσε
855 2943 925 3010 τοῖς
938 2933 1109 3011 ἐναντίοις.

158 3041 203 3104 OC
215 3032 242 3104 δ’
252 3039 348 3103 ἵπποι
362 3037 431 3101 τῶν
441 3029 624 3118 Ὀδρυσῶν,
638 3037 696 3121 της
707 3031 832 3121 φλογὸς
845 3029 996 3122 τὴνὸφιν
1008 3031 1110 3104 άσυν·

156 3138 224 3227 ήθη
238 3135 282 3226 μὴ
298 3138 474 3224 φέροντες,
491 3132 760 3220 ἀναστρέψαντες
773 3142 937 3261 ἔφευγον.

106 3256 137 3309 61
230 3237 416 3327 Ἰφικράτης
430 3236 536 3308 ἐπιῶν
550 3238 655 3323 πόλει,
668 3236 727 3309 τὸν
740 3237 805 3308 άπὸ
818 3245 877 3326 τῆς
889 3238 999 3326 χῶρας
1010 3264 1142 3308 ποτα-

156 3343 236 3432 μὸν,
265 3339 321 3412 διά
333 3344 495 3430 μέσης
455 3369 514 3430 της
533 3341 661 3422 πόλεως
675 3343 810 3467 ρέομτα,
839 3339 1029 3457 διαβηναι’
1010 3367 1140 3430 αναγ-ιι

157 3462 254 3516 καῖον
284 3440 340 3531 δν,
368 3446 509 3531 ἑσπέρας
538 3446 634 3534 διέβη
662 3444 745 3534 μετὰ
768 3450 830 3515 τού
853 3424 1113 3534 στρατεύματος

157 3554 215 3619 ινα
236 3547 329 3620 τὸέκ
348 3574 408 3636 της
427 3545 615 3638 διαβάσεως
634 3575 695 3618 τον
681 3548 861 3638 πληθους
873 3546 1049 3639 θολερὸν,
1061 3543 1153 3619 διὰ
