2318 3892
388 205 620 266 AEYTEPON.
943 204 983 264 55

92 378 291 467 Ἀγησίλαος
299 375 623 466 ἐστρατοπεδεύσατο
631 373 819 464 Λαμψάκου
826 380 979 465 πλησίον.
998 399 1032 452 26

47 482 117 553 ’κόν
135 508 226 560 τινες
246 483 283 550 ἐκ
302 485 371 549 τάν
393 478 566 567 μετάλλων
585 478 853 567 ἐκπεπηδηκότες
862 475 981 568 Ἕλλη-

47 616 72 668 ες
90 585 320 672 ἀγγέλλοντες,
336 578 380 662 άς
392 579 457 670 ἀρα
469 591 710 671 Λαμψακηνοῖς
727 579 849 662 πάντες
862 592 982 671 μεταλ·
1068 669 1079 686 ι

47 689 181 758 εύουσιν
200 680 260 766 οδς
276 680 320 753 ἀν
334 685 471 773 λάβωσι.
504 682 548 754 Τό
563 684 751 772 στράτευμα
763 681 983 773 ἠγανάκτησε,

47 794 77 861 ιλ
100 787 183 875 πρὸς
205 786 243 858 τό
264 802 371 875 τεῖχος
391 784 525 876 ὥρμησε
545 786 815 875 διαρπασόμενον
841 786 903 877 την
924 787 982 856 πό·

47 922 90 963 ιν.
138 889 330 978 Ἀγησίλαος
370 895 520 960 κωλῦσαι
551 887 596 978 μὴ
631 890 836 978 δυνάμενος,
878 878 983 960 σάσαι

47 993 88 1085 ην
108 992 206 1062 πόλιν
227 992 450 1081 βουλόμενος,
475 988 519 1072 ὡς
531 987 819 1080 ὑπεραγανακτῶν
833 991 892 1080 δὴ,
911 992 983 1063 ἐκέ·

47 1115 145 1168 ενσευ
157 1091 280 1175 αότοός
294 1095 481 1183 δραμόντας
488 1093 627 1177 ἐκκόψαι
641 1093 699 1175 τάς
712 1091 881 1183 ἀμπέλους
891 1094 982 1179 πριό-

47 1219 95 1280 τς·
128 1197 216 1268 εἶναι
242 1195 305 1287 γάρ
326 1203 395 1267 των
420 1197 565 1288 πρώτων
586 1204 836 1286 Λαμψακηνῶν.
879 1202 926 1268 Οί
947 1198 985 1268 δέ

47 1299 105 1391 ρός
119 1299 156 1370 τό
175 1298 350 1369 ἐκκόπτειν
364 1300 563 1390 ἐτράποντο·
584 1295 601 1370 ό
618 1298 791 1391 δὲκαιρὸν
810 1308 884 1389 ἔσχε
899 1304 982 1390 πέμα

47 1432 86 1485 ας
100 1408 248 1492 μηνῦσαι
259 1411 518 1493 Λαμψακηνοῖς,
537 1398 583 1483 τός
602 1400 664 1492 χρὴ
686 1400 748 1492 τὴν
761 1402 860 1474 πόλιν
873 1401 982 1492 ἀσφα-

47 1513 86 1588 5ς
101 1506 293 1593 φυλάττειν.

93 1607 308 1696 Ἀγησίλαος,
329 1604 610 1695 ἀντικαθημένων
628 1613 907 1696 Λακεδαιμονίων
926 1608 983 1676 καί
1000 1622 1032 1675 27

48 1718 198 1801 ηβαίων,
226 1711 330 1799 μέσου
358 1714 439 1792 [τοῦ]
468 1713 619 1797 ποταμοῦ
646 1714 867 1797 διείργοντος,
895 1704 986 1797 όριόν

47 1814 101 1895 τάς
119 1818 409 1902 Λακεδαιμονίους
428 1817 619 1899 διαβαίνειν
640 1809 700 1882 τόν
712 1809 878 1898 Εὐρωταν
900 1837 983 1896 προ-

48 1919 278 2006 υμουμένους,
294 1912 455 1994 δεδοικώς
472 1921 629 1994 πλείονας
641 1912 720 1994 τοὺς
737 1920 908 2003 Θηβαίους
926 1909 983 1984 όν-

47 2049 79 2100 ις
100 2017 182 2109 μετά
203 2024 272 2090 τάν
292 2017 494 2108 συμμάχων,
520 2015 719 2105 λογοποιοὺς
743 2022 911 2107 καθῆκεν,
940 2012 986 2096 άς

47 2151 88 2212 ρα
102 2119 246 2211 χρησμός
261 2131 333 2211 είη,
355 2117 434 2200 τούς
453 2123 638 2210 προτέρους
659 2117 719 2190 τόν
738 2118 889 2209 ποταμόν
909 2124 983 2189 δια-

47 2225 148 2305 άντας
166 2221 342 2312 ἡττᾶσθαι.
381 2219 498 2302 Οὕτως
517 2223 580 2312 μὲν
594 2220 637 2312 δὴ
649 2221 727 2304 τοὺς
739 2227 985 2309 Λακεδαιμονί-

47 2355 83 2406 υς
108 2324 270 2412 ἐπισχάυ,
290 2323 426 2413 ὀλίγους
445 2329 516 2393 τάν
534 2323 718 2413 συμμάχων
736 2324 837 2411 ἐγγάς
849 2330 911 2393 τοῦ
923 2348 985 2394 πο-

47 2434 131 2514 αμοά
145 2424 339 2497 καταλιπόν
357 2427 413 2495 καί
429 2423 616 2514 στρατηγόν
637 2422 690 2494 ἐπ’
707 2423 821 2496 αὐτῶν
838 2425 899 2495 τόν
917 2425 985 2494 Θά-

47 2558 99 2599 ιου
112 2527 314 2617 Σύμμαχον,
328 2525 576 2616 ἐντειλάμενος,
592 2534 752 2615 Θηβαίων
765 2525 824 2597 τὸν
837 2525 987 2616 ποταμόν

1063 2085 1077 2124 Q

47 2632 234 2720 ιαβάντων,
261 2627 536 2718 αάτοδςφεόγειυ
552 2626 604 2700 ότι
616 2629 731 2716 τάχος,
759 2627 881 2713 ἀλλους
895 2628 989 2710 τινάς

47 2766 56 2815 3
71 2738 214 2821 ἐνέδραν
226 2735 437 2822 κατέκρυψεν
449 2736 489 2802 ἐν
500 2746 569 2813 τοῖς
580 2737 706 2814 κοίλοις
718 2739 870 2823 χωρίοις,
887 2730 988 2813 αότός

46 2836 154 2918 ἐτοός
172 2834 376 2927 στρατιώτας
394 2837 428 2917 ἐς
448 2831 572 2924 ὀχυρόν
589 2836 647 2906 καλ
665 2834 751 2905 δασδ
764 2845 889 2929 χωρίον
902 2833 985 2923 ἀγα·
1048 2843 1050 2848 ’

47 2939 95 3010 ων
115 2943 306 3029 ἐπέστησεν.
349 2946 492 3028 Θηβαῖοι
512 2936 591 3019 τοδς
611 2939 688 3029 περὶ
710 2940 898 3028 Σύμμαχον
917 2936 985 3008 ὀλί-

46 3070 104 3122 ους
125 3039 223 3123 όυτας
247 3041 395 3129 ίδόντες,
421 3038 649 3131 θαρροῦντες,
679 3040 874 3128 διαβάντες,
900 3040 985 3129 φεό-

47 3171 142 3225 ουτας
156 3145 352 3231 διώκοντες,
373 3146 407 3225 ἐς
424 3140 487 3237 τὴν
499 3145 641 3234 ἐνέδραν
654 3142 853 3232 ἐμπεσόντες
868 3139 988 3234 ἀνηρέ-

48 3267 134 3337 ησαν
147 3245 320 3329 ἑξακόσιοι.
349 3315 351 3318 ⁴

99 3347 295 3438 Ἀγησίλαος
320 3350 354 3429 ἐς
379 3344 443 3435 τὴν
471 3351 653 3434 Μεσηνίαν
677 3340 834 3434 ἐμβαλόν
862 3349 990 3432 ἔπεμψε
1007 3358 1041 3413 28

48 3453 251 3523 ατάσκοπου.
296 3454 363 3520 Τοῦ
383 3449 421 3519 δὲ
440 3445 674 3536 ἀγγείλαντος,
701 3443 747 3528 ὡς
772 3443 813 3516 οό
835 3444 941 3535 μόνον
959 3451 993 3517 ολ

47 3552 196 3646 λεσήυιοι
208 3559 267 3646 τῆς
280 3551 411 3637 πόλεως
426 3553 492 3634 ἔξω
507 3556 686 3643 προΐασιν,
705 3546 791 3621 ἀλλά
809 3549 866 3621 καὶ
880 3553 915 3620 αί
927 3577 989 3638 γυ-
