2318 3892
128 177 187 240 126
509 177 693 239 ΒΙΒΛΙΟΝ

91 372 108 425 9
201 356 365 431 Φίλιππος
385 346 448 419 οὐκ
473 346 595 419 ἐλάττω
622 347 671 420 δι’
704 345 834 442 ὁμιλίας
857 347 881 442 ή
901 350 960 423 διά
978 351 1069 444 μάχης

124 453 362 541 κατειργάζετο.
394 454 461 522 Καί
474 451 516 541 νή
526 459 594 522 Δία
606 461 717 541 μεῖζον
730 446 865 546 ἐφρόνει
881 455 938 546 ἐφ’
962 455 1011 539 οἷς
1023 457 1070 527 διά

123 564 192 628 τῶν
212 557 322 643 λόγων
341 559 470 642 ἐκτᾶτο,
491 551 512 644 ή
533 555 588 625 διά
606 562 675 626 τῶν
693 553 822 630 όπλων·
842 564 912 629 τάν
936 561 999 650 μὲν
1017 559 1070 652 γάρ

124 676 300 732 κοινωνεῖν
314 656 404 755 αὐτῷ
417 657 494 739 τούς
506 659 707 750 στρατιώτας
715 715 726 751 ,
749 668 818 732 τῶν
831 662 869 733 δὲ
882 658 976 760 αὐτῷ
989 664 1070 759 μόνφ

122 780 280 854 μετεῖναι.
1078 794 1085 832 ι

74 883 106 934 1ο
200 861 468 953 Φίλιπποςήσκει
481 863 1070 960 τοόςΜακεδόναςτρότφκινδύνων,

122 969 416 1059 ἀναλαμβάνοντας
428 967 468 1039 τά
481 964 585 1053 όπλα,
604 969 776 1057 τριακόσια
790 969 909 1040 στάδια
923 970 1071 1052 πολλάκις

101 1071 316 1158 ”όδεόοντας,
336 1074 499 1161 φέροντας
517 1067 601 1160 όμοῦ
613 1071 736 1162 κράνη,
749 1076 886 1159 πέλτας,
904 1080 1072 1164 κνημίδες,

123 1184 277 1262 σαρίσας,
305 1175 361 1243 καί
382 1172 464 1262 μετά
484 1179 553 1243 των
577 1169 691 1244 ὅπλων
715 1175 924 1265 ἐπισιτισμόν
944 1179 1003 1249 καί
1021 1175 1072 1247 ὅσα

122 1279 226 1367 σκεόη
240 1283 468 1367 καθημερινῆς
482 1282 618 1365 διαίτης.

72 1399 102 1449 11
194 1389 376 1466 Φίλιππος,
403 1377 605 1468 άφικόμενος
627 1387 673 1460 είς
692 1380 883 1470 Λάρισσαν,
907 1386 967 1452 ἵνα
989 1380 1073 1462 τινάς

121 1491 189 1554 τῶν
200 1483 388 1554 Ἀλευαδῶν
395 1487 456 1566 ἔξω
466 1490 573 1563 οἰκίας
581 1486 730 1570 καθέλοι,
743 1499 857 1555 νοσεῖν
864 1481 1073 1576 ὑπεκρίνατο,

122 1586 211 1668 ὅπως
230 1587 379 1667 ἐσιόντας
401 1584 524 1667 αὐτοὺς
538 1582 582 1666 άς
602 1590 886 1675 ἐπισκεψομένους
902 1590 1073 1679 συλλάβοι.

121 1698 262 1771 Βοΐσκος
275 1689 442 1778 ἐξήγγειλε
462 1705 531 1770 τοῖς
540 1687 734 1771 Ἀλενάδαις
747 1689 809 1780 τήν
823 1692 1001 1779 ἐπίθεσιν,
1024 1693 1075 1762 καί

122 1793 178 1864 διά
191 1799 288 1864 τοῦτο
302 1796 394 1874 τέλος
407 1790 469 1862 οόκ
484 1800 580 1880 ἔσχεν
594 1788 614 1881 ή
629 1798 756 1883 πρᾶξις.
1086 1776 1104 1881 ή

70 1918 102 1969 11
196 1904 362 1975 Φίλιππος
374 1893 493 1984 ήξίωσε
507 1903 729 1981 Σαρνουσίοις
737 1896 990 1986 ἐκκλησιάζουσι
1006 1904 1076 1968 δια·
1102 1916 1104 1929 ·

120 2005 292 2088 λεχθῆναι.
334 2002 379 2066 Οί
403 1997 465 2086 μὲν
487 1997 672 2086 συνήεσαν·
700 2016 769 2081 τοῖς
798 2001 836 2070 δὲ
863 2000 1078 2086 στρατιώταις

119 2102 328 2191 παρήγγελτο
347 2101 484 2189 ίμάντας
503 2096 570 2170 άπὸ
587 2101 691 2189 μάλης
710 2111 867 2193 κομίζειν.
897 2100 990 2173 Ἐπεί
1012 2098 1079 2174 δὲό

120 2214 285 2285 Φίλιππος
293 2202 440 2274 άνέτεινε
455 2202 516 2292 τήν
529 2201 640 2286 δεξιάν
655 2201 698 2285 ὡς
713 2205 968 2296 δημηγορήσων,
980 2210 1077 2277 τοῦτο

118 2301 161 2397 ήν
180 2307 245 2397 άρα
264 2322 401 2396 σημείου
424 2322 493 2387 τοῖς
513 2305 728 2395 στρατιάταις
746 2316 807 2380 τοῦ
829 2314 928 2398 δῆσαν
952 2311 1104 2391 πάνταςτ

118 2410 196 2493 τοός
210 2412 386 2498 παρόντας.
416 2406 513 2480 Οὕτω
527 2411 730 2499 Σαρνοόσιοι
745 2415 901 2495 δεθέντες
915 2416 949 2495 ἐς
958 2422 1076 2484 Μακε-

119 2522 239 2585 δονίαν
253 2513 408 2603 ήχθησαν
421 2520 558 2594 πλείους
571 2522 712 2604 μυρίων.
1102 2514 1104 2529 '

68 2645 101 2698 13
197 2624 363 2696 Φίλιππος
381 2616 583 2705 διωκόμενος
602 2613 668 2687 ὑπὸ
682 2622 825 2710 Θρᾳκῶν
839 2615 1075 2707 παρήγγειλεν,

118 2718 256 2790 ἐπειδάν
287 2715 305 2788 ό
336 2718 538 2809 σαλπιγκτής
571 2720 714 2808 φεύγειν
740 2719 886 2809 σημήνῃ,
919 2736 991 2802 τοῖς
1016 2720 1085 2810 μέν’

117 2821 298 2913 οὐραγοῦσι
312 2825 573 2910 προβαλομένοις
585 2823 717 2911 μένειν,
731 2839 800 2903 τοίς
814 2823 851 2892 δὲ
866 2820 1070 2912 άλλοιςφεό·
1084 2838 1104 2897 λ,

117 2955 209 3015 γειν,
230 2922 320 3004 ὅπως
331 2922 409 3004 τούς
421 2924 483 3012 μὲν
493 2932 671 3015 πολεμίους
680 2926 867 3015 ἐπιστήσειε
881 2926 1072 3011 διώκοντας,

117 3047 186 3111 τοῖς
201 3029 239 3099 δε
260 3033 395 3107 οἰκείοις
409 3035 591 3117 προλαβεῖν
606 3034 663 3118 τής
676 3025 759 3100 ὁδοῦ
771 3029 945 3117 παράσχοι.

67 3152 100 3206 14
194 3140 376 3217 Φίλιππος,
395 3128 454 3210 τάς
473 3131 641 3220 παρόδους
658 3137 717 3220 τῆς
736 3139 897 3212 Βοιωτίας
916 3137 1073 3203 Βοιωτόν

118 3234 356 3322 φυλαττόντων
370 3275 415 3286 -
425 3225 467 3322 ήν
481 3234 518 3302 δὲ
533 3234 648 3314 στενός
660 3232 759 3320 όρους
772 3233 879 3324 αὐχήν
888 3272 934 3284 -
943 3233 1008 3307 οὐκ
1022 3236 1072 3305 ἐπὶ

116 3346 237 3407 τοῦτον
256 3335 426 3426 ὥρμησεν,
447 3334 531 3406 άλλά
550 3338 613 3425 τήν
633 3365 669 3406 τε
682 3339 795 3428 χώραν
814 3345 1003 3429 πυρπολῶν
1018 3339 1101 3413 καίει

185 3570 250 3633 Cap.
270 3571 295 3620 2.
332 3569 355 3630 ξ.
373 3571 398 3623 9.
436 3570 478 3622 cf.
493 3569 573 3622 Diod.
593 3570 640 3633 λδ,
657 3569 698 3624 95.
