2318 3892
423 193 631 244 PRAEFATIO.
972 195 1034 243 xtx

45 355 140 411 ·'rbiis
133 371 185 411 vam
206 372 221 411 a
224 362 315 448 patre
331 353 464 428 evulgatis
480 363 581 411 vastam
600 355 764 428 farraginem
784 354 817 411 ab
840 354 888 411 illo
911 355 1033 413 relictam

45 441 116 503 lidit,
134 426 253 496 Ιωνιᾶν
274 440 446 512 inscriptam,
478 440 708 513 apophthegmata
735 439 866 514 pleraque
891 457 923 496 ex
939 440 1032 497 multis

46 522 199 598 riptoribus
217 541 340 584 corrasa,
353 541 474 597 quorum
492 524 545 580 duo
561 542 593 580 ex
612 525 740 600 Polyaeni
761 523 912 593 Alexandro
931 535 956 587 4,
964 534 999 597 3
1015 533 1032 583 ‘2

66 615 100 668 25
127 611 213 682 petita
235 615 298 663 sunt
307 600 352 680 3⁰).
389 608 496 680 lamque
518 608 545 663 in
569 626 602 665 eo
618 616 690 673 erat,
712 616 743 666 ut
766 609 931 683 Polyaenum
958 592 1031 684 typis

45 691 181 767 dgandum
208 698 329 754 curaret,
358 709 419 747 cum
440 692 583 748 consilium
602 703 690 749 morte
714 695 853 768 praeventi
871 695 904 749 ad
923 694 1029 749 irritum

46 778 123 834 cidit.
160 777 260 832 Scribit
249 775 345 830 tenim
367 775 394 829 in
409 775 582 871 praelatione
592 778 623 832 ad
635 777 765 834 llanuelis
776 777 868 833 Philae
884 778 1041 848 editionem,

45 857 128 933 ιτίχοι
151 853 284 952 Ιἰοιμβιιιοὶ
304 853 371 932 περὶ
394 857 446 931 τῆς
466 857 524 914 τῶν
543 851 626 924 ζωων
642 851 801 939 ἰδιότητος)
821 861 940 918 Venetiis
961 879 1031 919 anuo

45 952 89 1004 ‚33
105 944 229 1000 emissam
251 951 279 998 et
293 942 389 999 Carolo
404 944 500 1018 quinto
515 944 673 1017 imperatori
686 948 848 1003 dedicatam:

172 1040 258 1108 Otito)
271 1065 302 1107 σε
316 1049 411 1108 τανῦν
425 1047 510 1108 ἑστιῶ
523 1041 575 1107 τὸν
590 1044 746 1128 κράτιστον

169 1138 303 1230 νηιτοῑς,
317 1138 478 1209 πετεινοῖς,
495 1128 648 1210 κτήνεσιν,
668 1129 822 1229 ἕρπυστοῖς
838 1156 878 1200 τε

167 1203 269 1289 Αὖθις
288 1215 318 1276 δι’
332 1235 377 1277 σοι
392 1211 552 1316 τράπεζαν,
569 1218 598 1277 εἰ
611 1216 708 1292 δοίης,
721 1209 820 1296 θήσω,

168 1300 209 1373 εἰς
224 1296 392 1362 εἰιτύττωσιν
409 1293 553 1380 πορισμὸν
567 1298 620 1362 τὸν
636 1296 803 1378 ἀρκοῦντα,

170 1388 315 1466 λαμπροῖς
330 1381 548 1487 στροτηγήμοισι
560 1408 613 1446 τοο
617 1388 822 1464 Πολυαίνου,

164 1493 170 1504 ·
169 1464 215 1542 οἷς
230 1476 329 1542 ιιεῑνος
344 1471 467 1530 εἱστίασε
481 1493 522 1530 τω
513 1462 662 1575 βασιλῆι

160 1549 276 1633 παλαι,
290 1547 342 1615 τὸν
354 1546 487 1635 Οιῖῆρόν
494 1576 525 1615 τε
539 1579 591 1615 ται
605 1549 792 1622 Ἀντωνῖνον

99 1668 192 1741 Itaque
202 1687 263 1725 cum
277 1679 320 1726 cet
322 1687 367 1725 cra
384 1669 513 1744 Polyaeui
528 1686 610 1743 opera
625 1685 675 1741 per
690 1669 863 1724 mediamt
819 1687 850 1725 ae
852 1677 936 1725 atem
945 1672 1030 1728 iuter-

45 1750 158 1815 iissent,
182 1754 241 1809 eius
261 1761 454 1826 strategemata
473 1753 570 1808 saltem
586 1753 689 1808 excidio
704 1759 798 1825 erepta
822 1753 941 1809 Veneriis
963 1763 1029 1811 tam·

45 1854 99 1892 ram
112 1838 271 1894 reviviscere
288 1844 447 1910 coeperunt.
481 1836 548 1892 Hinc
566 1836 636 1891 enim
652 1835 763 1909 plurimi
776 1835 905 1910 Polyaeui
922 1839 1028 1896 codices

45 1938 68 1975 ιι
84 1921 216 1995 Europam
231 1923 377 1996 propagati
393 1930 470 1985 sunt,
496 1929 524 1978 et
538 1921 662 1976 referunt
678 1920 800 1994 quidem,
824 1922 896 1994 qnod
912 1923 1028 1981 fortasse

45 2004 136 2068 ireriS,
153 2024 321 2063 cumeorum
338 2007 392 2062 duo
415 2006 469 2061 sint
492 2011 600 2078 gedera,
620 2005 764 2080 utriusque
785 2005 879 2079 stirpis
896 2006 958 2064 libri
975 2010 1029 2065 ori-

45 2106 108 2145 nem
127 2090 159 2145 ad
174 2085 285 2146 eandem
302 2089 376 2146 illam
390 2091 494 2147 urbem.

101 2173 271 2248 Polyaeni
288 2175 442 2232 codicum
457 2176 522 2232 duo
541 2168 623 2231 subt
643 2191 782 2248 genera.
822 2175 944 2239 Unum,
967 2195 1029 2232 ma·

53 2275 104 2314 me
120 2257 294 2324 mutilum,
317 2260 646 2335 corruptissimum,
667 2275 759 2314 verum
775 2258 799 2313 si
815 2267 953 2316 externam
969 2279 1029 2334 spe-

45 2361 84 2399 am
101 2344 257 2399 consideres
274 2344 417 2400 admodum
430 2343 545 2418 politum
562 2350 589 2399 et
604 2342 738 2405 limatum,
756 2342 789 2398 ad
805 2344 877 2416 quod
891 2346 1029 2418 pertinent

46 2445 74 2482 m
91 2427 137 2482 alii
153 2426 216 2483 libri
234 2437 292 2483 tum
307 2427 367 2490 ille,
390 2445 444 2501 quo
460 2445 515 2483 uno
533 2444 631 2500 magno
648 2444 708 2483 aere
722 2436 879 2501 comparato
896 2428 1029 2485 Casaubo·

45 2530 65 2568 rs
81 2529 153 2568 anno
170 2518 237 2572 1588
251 2513 280 2567 in
293 2513 411 2585 paranda
427 2503 552 2567 editione
559 2511 681 2584 principe
697 2528 726 2566 se
743 2528 821 2565 usum
839 2528 897 2567 esse
909 2512 936 2566 iu
951 2530 1029 2585 prac-

45 2596 118 2653 ·.ior!e
135 2595 238 2652 scribit,
276 2594 326 2662 Qui
347 2613 440 2651 omnes
461 2595 558 2651 mirum
580 2602 623 2650 est
642 2602 811 2667 quantopere
826 2595 898 2651 inter
918 2615 947 2652 se
965 2615 1030 2654 con·

45 2681 147 2744 utiant,
164 2698 213 2737 nec
229 2698 294 2736 vero
309 2679 397 2736 minus
413 2685 531 2742 certum,
548 2679 623 2752 quod
641 2679 809 2751 argumentis
824 2680 896 2738 hand
914 2681 1028 2739 infirmis
1044 2694 1048 2699 ⁴

45 2762 187 2838 mprdbari
204 2773 311 2840 potest,
336 2754 429 2821 omnes
446 2782 501 2820 non
523 2771 626 2820 tantum
645 2781 677 2820 er
691 2781 745 2819 uno
762 2764 911 2839 eodemque
927 2767 1027 2831 codice,
1109 2807 1112 2813 -

45 2867 109 2906 rum
123 2850 203 2906 etiam
219 2851 359 2906 maximam
374 2857 478 2924 partem
495 2849 528 2904 ab
543 2866 598 2918 uno
614 2849 762 2922 eodemque
777 2848 889 2907 librario
908 2852 1027 2926 descrip-

45 2953 58 2991 s
81 2951 151 2990 esse.
187 2934 295 2991 Scilicet
312 2935 445 2991 Andreas
465 2935 655 3001 Demetrius,
679 2933 787 2989 natione
811 2934 941 2997 Graecus,
966 2954 1027 2992 cum

47 3019 103 3074 tria
118 3019 252 3093 profugus
268 3018 393 3075 Venetias
410 3036 439 3075 se
456 3017 618 3074 contulisset
633 3017 871 3091 describendisque
889 3020 1027 3076 codicibus

47 3096 120 3160 aecis
135 3103 216 3159 vitam
232 3110 412 3167 sustentaret,
431 3120 537 3159 omnem
552 3103 609 3158 lere
625 3102 792 3157 Germaniam
807 3102 926 3177 aliasque
941 3113 1029 3161 terras

45 3188 182 3261 ragravit
201 3188 266 3244 viris
282 3188 369 3244 doctis
385 3187 471 3243 libros
492 3205 556 3244 suos
573 3187 701 3243 emendos
719 3187 843 3242 offerens.
881 3188 925 3245 Sic
939 3190 1028 3245 Pisi-o

45 3290 55 3329 ι
68 3290 131 3329 enm
145 3271 274 3345 Polyaeni
291 3273 410 3330 codicem
425 3272 558 3335 vendidit,
575 3272 622 3346 qni
637 3288 709 3327 nunc
723 3277 766 3326 cst

81 3488 125 3555 30)
139 3489 183 3540 ot
196 3487 454 3589 ArseniiVioletnm
460 3487 676 3555 ¹.op0phthegm
695 3485 845 3537 Alexandri
857 3487 899 3536 27
912 3485 967 3535 28

780 3571 826 3631 h*
