2318 3892
109 183 167 244 110
496 154 681 244 ειεκτθα

107 377 172 426 σαν
183 359 217 424 ολ
228 359 378 444 ἔμποροι,
385 353 441 422 καὶ
448 349 510 441 τήν
518 351 645 444 ἀγοράν
657 369 726 436 τοῖς
739 355 958 445 στρατιώταις
963 359 1064 447 παρέ·

106 481 186 546 σχον
204 460 258 527 ἐπὶ
269 463 311 546 τῇ
325 461 487 546 σφραγίδι
500 462 561 525 τοῦ
574 464 770 547 στρατηγοῦ.
799 455 1062 550 Ἀπαλλασσομό-
1094 489 1098 511 ¹

106 589 178 642 νοις
199 559 330 645 αὐτοῖς,
345 563 382 629 έν
395 564 441 652 τῷ
454 561 536 639 τέως
548 557 735 651 εὐπορήσας
748 562 946 651 χρημάτων,
967 565 1062 654 Τιμό-

105 676 185 744 θεος
197 662 259 753 τήν
271 661 370 752 τιμήν
385 664 520 732 διέλυσε
536 663 599 753 τήν
610 659 880 754 ώμολογημένην.

71 787 88 836 2
187 765 350 856 Τιμόθεος
375 763 517 856 άνήγετο
542 772 590 861 τῷ
617 766 723 862 στόλρι
746 775 857 838 παντί.
910 767 1083 859 Πταρμὸςι

105 871 254 958 ἐγένετο·
269 866 288 939 ό
305 868 512 959 κυβερνήτης
525 872 675 958 έπισχεῑν
686 872 880 942 ἐκέλευσεν·
899 876 936 942 οί
945 879 1063 942 ναῦται

103 979 173 1043 τών
188 973 337 1066 τριήρων
362 975 551 1060 ἐπιβαίνειν
576 971 640 1043 οῦκ
666 973 846 1063 ἐθάρρουν.
905 975 1064 1065 Τιμόθεος

104 1075 295 1165 μειδιάσας,
307 1071 436 1145 “Ποῑον
449 1071 557 1164 γάρ’,
572 1082 655 1165 ἔφη,
666 1073 828 1164 “γέγονεν
839 1074 1025 1168 οἰώνισμα,
1038 1087 1064 1149 εί

104 1178 274 1248 τοσούτων
294 1176 561 1268 περιεστηκότων
589 1175 635 1260 εἷς
662 1177 846 1271 έπταρενς”
877 1186 1062 1260 Οίςναῦται

106 1282 305 1369 γελάσαντες
319 1277 526 1370 άνήχθησαν.

70 1397 88 1448 3
186 1381 350 1473 Τιμόθεος
372 1384 590 1472 παράγγελμα
616 1388 745 1455 ἔδωκεν
773 1387 983 1476 έκβοηθήσαι
1007 1384 1063 1475 τήν

103 1495 278 1576 ταχίστην·
303 1485 410 1574 ὀλίγοι
436 1491 634 1576 στρατιώται
658 1492 851 1577 προῆλθον·
880 1484 899 1559 ό
926 1487 1062 1578 λοχαγός

102 1589 262 1681 ήγόρευε,
277 1596 396 1680 χρήναι
412 1592 469 1659 καὶ
484 1586 562 1669 τοῦς
578 1589 714 1671 λοιπούς
729 1587 918 1678 ἀναμεῖναι.
951 1589 987 1677 Ι’0
1009 1601 1060 1662 Τι·

103 1693 226 1783 μόθεος
240 1691 302 1763 οῦκ
320 1691 502 1782 άνέμενεν,
527 1689 571 1772 ώς
589 1691 668 1774 τοῦς
685 1695 867 1781 μέλλοντας
880 1696 1061 1785 προθύμως

103 1808 282 1886 μαχεῖσθαι
294 1812 364 1877 τοίς
377 1805 546 1884 πολεμίοις
564 1802 651 1883 ἔχων
662 1793 828 1883 ἅπαντας,
842 1795 921 1878 τούς
934 1799 1058 1890 δδβρα·

105 1903 188 1980 δέως
202 1896 348 1982 ἐξιόντας
362 1897 545 1989 ἀχρήστους
561 1893 605 1967 άν
625 1901 786 1985 γενέσθαι
809 1902 866 1970 καὶ
885 1901 1059 1989 παρόντας.

68 2016 87 2069 4
178 2000 351 2092 Ἀθηναῖοι
365 2005 422 2071 καλ
435 2000 696 2088 Λακεδαιμόνιοι
710 2003 955 2089 περλΛευκάδα
964 2004 1059 2075 ἔναυ·

103 2104 251 2194 μάχουν,
278 2106 445 2191 Τιμοθέου
472 2109 738 2192 στρατηγοῦντος
759 2103 969 2195 Ἀθηναίων,
1000 2116 1059 2177 Νι-

102 2207 243 2297 ιιολόχου
268 2214 518 2295 ναυαρχοῦντος
545 2212 833 2297 Λακεδαιμονίων.
874 2201 938 2279 Ἦν
968 2207 1062 2300 ἑορτὴ

102 2319 223 2400 Σκίρα.
264 2310 438 2399 Τιμόθεος,
457 2307 542 2379 κατὰ
561 2309 688 2399 ταύτην
701 2310 764 2402 τήν
777 2309 905 2401 ήμίραν
917 2320 1091 2405 μυρσίνην

102 2412 319 2503 στεφανώσας
336 2413 394 2494 τὰς
408 2413 573 2503 τριήρεις,
595 2403 657 2502 ἦρε
670 2413 707 2484 τό
721 2431 875 2504 σημεῖον·
893 2412 1064 2506 ἀναχθεὶς,
1098 2446 1100 2517 χ

101 2517 316 2606 ναυμαχήσας
329 2514 500 2606 ἐνίκησεν·
516 2521 551 2585 οί
562 2515 601 2585 δὲ
616 2522 814 2607 στρατιώται
827 2515 910 2606 μετά
931 2517 1065 2600 ἐλπίδος

101 2619 234 2708 άγαθής
246 2617 475 2709 ἠγωνίσαντο,
498 2618 557 2702 [τό]
580 2629 679 2690 θεῖον
699 2627 788 2710 ἔχειν
811 2621 960 2711 οίόμενοι
980 2624 1064 2713 σύμ-

100 2752 216 2813 μαχον.
621 2758 624 2767 ·
936 2758 939 2765 ’

68 2846 84 2895 5
120 2884 123 2889 .
183 2821 346 2913 Τιμόθεος
354 2822 455 2892 πόλιν
468 2825 833 2912 περιστρατοπεδεύσας
846 2823 1065 2918 ιἰφώριξετόν
1080 2860 1098 2900 ε

101 2929 206 3001 τόπον
217 2941 286 3006 τοίς
293 2925 519 3013 στρατιώταις,
535 2924 618 2997 ὅθεν
630 2925 672 3016 δή
680 2928 1014 3017 προνομεύσονσι·τό
1029 2931 1066 3003 δὲ

101 3029 220 3102 λοιπὸν
244 3031 342 3119 μέρος
363 3034 422 3117 τής
439 3029 548 3118 χώρας
575 3031 633 3099 καὶ
654 3027 734 3100 ὅσον
755 3022 798 3121 ήν
818 3031 942 3120 όφελος
962 3031 1067 3124 αῦτής

101 3134 290 3205 ἀπεδίδοτο.
312 3130 385 3202 Οῦκ
396 3129 556 3220 ἐπέτρεπε
569 3133 607 3203 δὲ
616 3130 695 3203 ούτε
705 3139 816 3205 οἰκίαν
829 3133 908 3206 ούτε
921 3142 1068 3207 ἔπαυλιν

101 3249 299 3322 καθαιρεῖν,
326 3233 368 3304 ού
381 3233 448 3324 μήν
461 3233 541 3305 οῦδὲ
565 3233 690 3325 ήμερον
712 3240 855 3328 δένδρον
877 3237 1067 3327 ἐκκόπτειν,

71 3444 74 3451 ’
100 3445 342 3532 στρατηγοῦντι
363 3446 500 3529 περιήν·
524 3446 556 3512 εί
580 3442 643 3530 μὶν
663 3451 820 3532 κρατοίη,
840 3452 982 3529 πλείους
1001 3447 1067 3537 φό-

50 3614 52 3618 .
101 3574 182 3639 ρους
203 3544 369 3631 ἐκλέγειν,
393 3551 426 3614 εἰ
443 3544 482 3614 δὲ
506 3541 526 3614 ὁ
547 3543 691 3634 πόλεμος
713 3547 913 3636 μηκύνοιτο,
939 3548 1071 3640 τροφάς
