2318 3892
478 216 686 267 PRAEFATIO.
1053 219 1090 267 XI

78 382 188 441 modum
205 379 329 451 laudibus
344 377 482 435 extulisse.
519 379 575 436 Una
592 378 736 436 tenebatur
756 378 884 453 opinione
899 379 1088 454 praeiudicata.

79 476 140 524 orta
159 484 194 523 ex
208 455 294 540 ipsius
310 464 402 539 operis
416 464 550 527 consilio,
574 480 605 520 ea
619 463 723 522 scilicet
738 472 782 528 ut,
803 481 864 522 cum
878 463 984 521 veteres
998 473 1090 522 aucto-

77 571 129 616 res
138 557 292 613 excuteret,
312 565 419 604 omnem
437 548 579 605 historiam
600 549 633 605 ad
655 556 877 622 strategematum
898 549 1033 606 rationem
1048 565 1091 605 re-

76 645 202 699 vocaret,
220 651 300 707 reges
315 640 343 688 et
357 633 536 706 imperatores
554 651 705 706 generosos
718 633 809 690 valros
822 641 852 690 et
866 641 991 700 versutos
1006 633 1091 708 finge·

76 729 134 786 ret,
149 725 346 791 strategemata
359 717 561 790 deprehendere
576 718 628 773 sibi
641 718 793 781 videretur,
816 734 885 790 quae
902 719 1021 793 proprie·
1034 736 1090 775 non

76 813 159 865 erant
172 809 374 874 strategemata.
411 801 445 856 Ut
465 800 584 875 prudeus
600 819 631 858 ac
652 803 740 861 sciens
754 819 799 858 res
821 809 1008 876 corrumperet
1029 820 1090 877 per·

75 905 213 960 versaque
231 886 471 960 interpretaretur,
492 884 567 942 nulla
582 885 606 941 ei
628 894 800 969 rauscerat-3
819 886 928 959 itaque,
949 887 972 942 si
992 887 1091 943 disces-

79 973 152 1030 seris
168 971 200 1027 ab
214 971 263 1034 iis,
282 987 352 1044 qnae
362 987 412 1044 per
426 969 620 1042 negligentiam
635 977 744 1044 peccata
762 978 839 1034 sunt,
862 970 949 1027 omnis
963 970 1092 1045 Polyaeni

80 1057 148 1114 fides
162 1063 243 1129 atque
261 1055 408 1113 auctoritas
431 1055 531 1128 pendet
552 1072 584 1111 ex
599 1054 632 1112 iis
647 1054 840 1129 scriptoribus,
863 1072 932 1128 quos
947 1056 1090 1129 excerpsit,

80 1157 198 1215 quorum
212 1139 323 1197 nomina
338 1147 427 1195 tamen
445 1137 478 1195 n'e
492 1156 547 1195 uno
567 1139 674 1213 quidem
688 1138 751 1197 loco
766 1132 939 1214 prodidit⁴³).

162 1225 198 1281 De
218 1223 381 1281 lontibus
397 1221 567 1297 Polyaeni
598 1224 625 1279 in
647 1224 736 1280 animo
758 1224 811 1280 luit
831 1224 984 1281 accuratius
1006 1223 1092 1280 disse-

76 1327 154 1373 rere,
174 1317 230 1365 tum
245 1308 308 1382 quia
323 1326 402 1364 nemo
417 1307 503 1364 adhuc
518 1308 583 1364 lecit
592 1301 635 1383 ¹4),
653 1317 709 1364 tum
731 1309 794 1383 quia
810 1309 876 1365 mihi
890 1310 936 1382 agi
949 1308 1091 1365 videbatur

76 1397 111 1453 de
127 1412 156 1450 re
168 1393 310 1450 admodum
322 1392 412 1466 gravi,
432 1399 460 1448 et
477 1392 602 1450 fecissem
618 1395 756 1467 prolecto,
771 1394 825 1450 nisi
839 1393 973 1468 praefatio
989 1393 1016 1450 in
1032 1401 1090 1449 tan·

75 1489 133 1536 tam
155 1477 254 1535 molem
275 1477 451 1539 excrevisset,
473 1486 600 1551 quautam
619 1477 692 1535 sensi
712 1479 906 1535 honestissimo
925 1477 1090 1553 bibliopolae

76 1565 168 1622 minus
183 1571 287 1636 gratam
303 1561 371 1618 lore.

147 1646 300 1704 'Proficisei
312 1645 406 1702 debuit
421 1646 571 1720 disputatio
588 1645 622 1702 ab
643 1646 677 1702 iis
692 1646 887 1720 scriptoribrs,
907 1647 954 1719 qui
974 1655 1090 1703 aetatem

77 1733 202 1796 tulerunt
218 1730 263 1803 (ef.
279 1748 325 1805 pg.
343 1729 509 1802 aaa-360),
531 1729 686 1792 Herodoto,
710 1731 881 1804 Thucydide,
901 1731 1088 1804 Xenophonte,

75 1817 207 1890 Polybio,
226 1815 361 1878 Diodoro,
382 1813 538 1871 Plutarcho.
564 1812 684 1890 3Horum
705 1812 765 1870 loca
783 1813 890 1887 singula
908 1814 935 1869 in
951 1832 1090 1888 compara-

79 1900 181 1957 tionem
201 1917 279 1957 voca:
295 1915 358 1954 mox
372 1897 482 1960 videbis,
497 1913 577 1971 quam
592 1897 708 1954 fideliter
721 1898 837 1954 aliorum
852 1907 982 1974 sequatur
997 1906 1089 1956 aueto-

78 1985 202 2048 ritatem,
226 2001 306 2058 quam
324 1999 387 2038 raro
402 1999 452 2040 suo
467 1990 561 2047 utatur
581 1982 681 2039 iudicio
698 1981 743 2056 (cf.
759 1988 819 2046 284,
837 1989 879 2042 bl.
896 1991 955 2047 180,
970 1990 1013 2045 26.
1028 1991 1088 2047 144,

77 2077 104 2129 2.
131 2076 188 2131 121,
210 2067 246 2142 9),
269 2066 368 2142 quibus
388 2067 501 2123 maxime
524 2065 688 2132 delectetur,
714 2084 783 2142 quae
802 2068 891 2124 miuus
911 2069 936 2125 ei
956 2068 1088 2143 placeant,

77 2171 149 2229 quae
163 2155 217 2213 sint
231 2152 359 2226 Polyaeni
377 2150 435 2208 stili
455 2152 581 2226 propria,
613 2151 702 2226 qualia
722 2151 905 2225 negligentiae
928 2153 987 2208 eius
1005 2153 1088 2209 tribui

76 2239 203 2296 debeant.
235 2237 343 2294 Videbis
361 2236 445 2294 etiam
466 2235 581 2317 multum
603 2237 711 2300 abesse,
734 2244 766 2293 ut
784 2236 936 2312 Polyaenus
956 2246 1089 2310 stratege-

74 2332 150 2380 mata
170 2322 235 2379 belli
256 2321 357 2378 Persici
378 2338 410 2377 ex
431 2337 486 2377 uno
504 2320 658 2389 Herodoto,
681 2321 747 2378 belli
761 2320 960 2394 'Peloponnesii
972 2340 1014 2378 ¹ex
1033 2339 1087 2379 uno

76 2407 249 2482 Thucydide,
273 2405 457 2484 posteriorum
470 2411 623 2479 temporum
638 2423 725 2480 usque
744 2406 777 2462 ad
791 2423 911 2480 pugnam
923 2406 1088 2462 Mantineen·

74 2511 135 2558 sem
150 2510 183 2549 ex
197 2490 386 2564 Xenophontis
400 2481 552 2546 Hellenieis'
566 2491 747 2564 excerpserit,
768 2491 849 2546 immo
865 2507 899 2546 ne
916 2507 966 2563 per
980 2489 1087 2562 singula

74 2576 187 2652 quidem
201 2575 272 2645 bella
288 2573 412 2647 singulos
429 2571 556 2646 elegisse,
581 2592 650 2649 quos
668 2575 826 2647 potissimos
840 2574 922 2630 duces
936 2592 1001 2648 prae
1016 2582 1088 2631 cete·

73 2663 115 2719 ris
130 2668 302 2735 sequeretur.
330 2657 396 2713 Nam
417 2656 538 2731 reperies
560 2657 634 2715 verbi
650 2675 731 2724 causa
746 2657 935 2716 Themistoclis
954 2657 1088 2733 stratege·

73 2754 150 2804 mata
166 2755 189 2807 1,
206 2753 249 2808 30,
266 2753 289 2804 l.
305 2751 322 2804 2
337 2742 483 2800 secuudum
498 2742 666 2801 Herodotum
691 2752 813 2808 narrata;
833 2743 890 2800 noli
907 2762 970 2801 vero
990 2742 1087 2818 pixtare

53 2896 56 2901 .
73 2830 184 2903 reliqua
199 2847 308 2905 quoque
322 2847 355 2887 ex
370 2828 465 2885 eodem
476 2836 587 2886 auctore
600 2829 738 2903 descripta
756 2847 832 2886 esse:
852 2846 914 2885 nam
930 2829 957 2900 S.
970 2835 988 2890 ,7
1008 2829 1087 2885 linxit

73 2915 187 2991 quidem
203 2915 344 2972 exeodem
359 2912 513 2976 Herodoto,
534 2914 561 2986 S.
577 2921 595 2975 3
609 2921 636 2970 et
651 2919 669 2973 4
685 2922 772 2970 tamen
793 2931 825 2970 ex
840 2913 1001 2976 Plutarcho,
1025 2914 1052 2984 S.
1070 2920 1088 2973 8

72 3018 108 3058 ex
126 2999 340 3074 Thucydide,¹-§¹
357 3005 373 3058 6
388 3015 420 3063 ex
436 2997 577 3072 deperdito
597 2998 688 3072 aliquo
702 2999 878 3055 historiarum
894 2998 1027 3072 scriptore
1042 2998 1087 3053 tle-

73 3092 185 3159 sumpta
205 3085 325 3158 reperies
345 3083 464 3156 itemque
487 3092 508 3147 l,
524 3091 567 3145 31.
603 3083 642 3139 lta
665 3101 754 3158 neque
774 3083 822 3139 uni
845 3081 940 3146 debet,
965 3099 1033 3157 quae
1054 3083 1086 3138 de

145 3311 462 3419 18))01τ,,φασ1ν86,8.
483 3314 539 3378 140,
557 3301 598 3366 26'.
616 3305 796 3380 ὁμολογεῖται
813 3314 931 3378 30122.
951 3307 1085 3380 [λέγεται]

74 3383 249 3570 13ζ3121101.
269 3449 315 3500 Fr.
328 3449 424 3533 Hpase
440 3450 469 3500 in
482 3452 657 3501 commentar.
677 3448 764 3526 litter.
781 3463 867 3500 mens.
893 3448 1008 3500 Januar.
1024 3445 1089 3499 1838

74 3535 101 3569 n.
151 3555 158 3568 .
221 3566 223 3570 .
