2318 3892
466 173 674 285 pancrasio.
785 173 788 178 ’
1030 200 1078 248 xv

66 350 116 419 διά
131 353 320 437 μακροτέρων
342 349 516 437 συγγράψαι
531 358 602 434 (715,
620 358 664 434 16)
678 357 832 434 pollicetur,
849 359 929 417 istam
944 367 1077 436 stratege·

64 456 166 506 matum
181 446 423 521 breviloquentiam
439 453 468 502 et
481 446 642 502 tenuitatem
657 445 716 520 ipse
732 451 832 501 tuetur.

149 531 202 589 Sed
216 532 322 605 pariter
345 530 527 587 imminuenda
545 529 591 586 illa
613 529 763 604 elegantiae
787 528 854 586 laus.
883 528 967 586 lmmo
993 529 1075 604 longe

64 618 166 676 recedit
179 615 333 691 Polyaenus
349 632 364 670 a
378 615 456 688 copia
472 622 500 671 et
513 614 640 670 ubertate
653 622 775 670 veterum
799 622 827 670 et
839 613 883 670 vel
898 631 964 670 suae
978 617 1075 672 aetatis

64 703 239 777 scriptorum.
268 699 330 754 llos
344 716 406 754 eum
419 699 604 772 deprehendes
614 716 665 772 per
680 699 809 774 asyndeta
823 698 999 762 incedentem,
1014 716 1077 755 mox

61 786 210 862 participia
227 784 327 841 mirum
346 783 374 838 in
396 783 506 838 modum
525 781 719 846 cumulantem:
739 783 961 856 circumscriptos
982 783 1077 840 verbo-

62 888 126 928 rum
150 867 268 924 ambitus
294 867 397 938 frustra
416 882 539 940 quaeras.
572 865 627 923 Nec
649 883 713 923 sane
731 866 809 922 exilis
829 867 896 923 haec
916 873 945 923 et
963 867 1076 942 abrupta

64 954 156 1010 oratio
172 952 276 1025 surgit,
299 951 347 1008 ubi
362 951 439 1026 quasi
452 951 522 1008 lebri
535 959 676 1024 correpta,
699 967 767 1025 quae
780 948 883 1008 dudum
897 949 990 1026 elapsa
1005 961 1076 1013 sunt.

64 1036 220 1110 praesentia
240 1035 327 1110 tingit.
376 1034 455 1092 Nulla
474 1036 609 1096 ‘varietast
639 1036 728 1092 oratio
754 1033 851 1093 similis
880 1042 963 1111 atque
985 1037 1077 1092 eadem

65 1137 189 1195 semper:
205 1120 297 1177 eadem
308 1121 366 1179 lere
380 1121 529 1194 descriptio
542 1121 662 1177 omnium
673 1120 800 1194 capitum,
815 1128 846 1177 ut
856 1121 974 1194 primurn
986 1121 1076 1183 duces,

63 1205 213 1267 exercitus,
241 1204 301 1261 loca
321 1222 429 1281 pugnae
451 1213 637 1262 memorentur
665 1213 692 1261 et
717 1213 829 1262 eventus
853 1212 1077 1279 strategematum

62 1288 185 1346 artificiis
214 1289 372 1353 rhetoricis,
398 1290 561 1365 praesertim
583 1289 724 1345 antithetis
752 1296 780 1346 et
800 1288 905 1346 lusibus
933 1290 1077 1346 verborum

62 1381 239 1430 exornentur.
276 1374 362 1430 Huius
386 1371 441 1431 loci
463 1391 525 1430 esse
545 1373 697 1430 arbitrabar
723 1391 809 1448 pauca
831 1375 962 1448 quaedam
984 1375 1077 1449 singu-

60 1458 139 1514 latim
153 1475 310 1533 proponere
329 1475 399 1533 quae
418 1466 483 1515 sunt
497 1458 627 1533 Polyaeni
645 1459 771 1533 propria,
791 1476 914 1533 quaeque
929 1459 1076 1533 diligenter

62 1543 206 1600 observata
220 1550 248 1599 et
262 1543 335 1599 inter
354 1561 384 1600 sc
398 1550 554 1617 comparata
568 1544 601 1600 ad
615 1543 697 1599 verba
721 1550 795 1601 recte
815 1544 1006 1601 constituenda
1024 1546 1076 1601 cri-

61 1628 117 1685 tico
132 1627 206 1683 hand
222 1626 274 1683 levi
289 1627 444 1684 adiumento
463 1644 523 1684 csse
537 1634 663 1702 possunt.

145 1709 347 1769 Meminerimus
374 1713 460 1785 igitur
479 1711 646 1786 Polyaenum
669 1708 808 1768 vocabulis
827 1712 949 1784 propriis
973 1713 1015 1768 uti
1038 1722 1073 1774 et,

60 1797 116 1853 lect
104 1803 180 1855 tores
200 1796 310 1853 minime
331 1795 481 1853 variatione
501 1795 694 1857 delectantem,
720 1794 832 1851 nimium
848 1795 996 1868 repetendo
1018 1796 1075 1852 lere
1146 1835 1155 1850 .

63 1880 149 1935 abuti-.-
183 1879 221 1936 uf
236 1887 278 1945 75,
299 1888 376 1955 3sq.
397 1869 535 1955 ἤγειραν,
556 1873 739 1974 έρερεῖσθαι,
762 1871 909 1954 ἐγείρωσι,
933 1872 1074 1974 ἐγείρωσι,

61 1951 102 2039 ἠγ
104 1957 194 2038 ἕρθης
208 1968 249 2029 45,
266 1975 330 2040 3sq
347 1960 522 2040 διαβαίνειν,
536 1954 685 2038 διάβασιν,
702 1959 878 2039 διαβαίνειν,
893 1955 1074 2040 διαβάντων,

61 2041 215 2145 διέβησαν.
241 2049 293 2114 lta,
315 2066 384 2124 quae
398 2050 480 2106 duces
496 2050 646 2124 imperant,
669 2049 740 2105 milit
729 2057 771 2105 tes
788 2058 992 2144 exsequuntur,
1016 2067 1074 2107 sae·

50 2140 54 2146 '
59 2150 173 2229 pissime
192 2135 311 2191 invenies
325 2136 377 2191 boc
393 2135 474 2191 modo
488 2151 616 2209 expressa
637 2125 765 2207 ἐσήμηνε
778 2123 930 2204 ἀλαλάξαι.
967 2130 1010 2190 Ol
1020 2129 1075 2209 μὲν

60 2206 173 2290 ἠλάλαξ
172 2224 246 2282 αν7,
260 2225 301 2283 14,
313 2214 480 2294 διαβαίνειν
491 2213 601 2289 ἔταξξ.εν
616 2213 664 2275 At
672 2208 774 2314 μὲνδὴ
787 2213 938 2294 διέβαινον
952 2225 980 2297 6ζ
989 2226 1024 2280 76
1032 2239 1073 2295 sq

59 2321 99 2375 ην
117 2295 167 2360 ἐπὶ
171 2294 339 2399 Κωλιάδος
356 2293 549 2376 ιιλεάσηιε...
557 2297 613 2359 ,οῖ
629 2296 683 2377 μέν
706 2289 745 2378 δὴ
765 2294 801 2359 tar
802 2297 906 2360 έπλεον
930 2309 973 2367 17,
994 2311 1012 2362 7
1032 2323 1072 2378 sq

60 2386 111 2456 Qui
129 2405 189 2445 mos
205 2405 266 2483 cqm
282 2387 319 2444 sit
307 2388 390 2445 tlere
403 2389 541 2484 praecepti
557 2374 724 2462 grammatici
736 2389 831 2452 instar,
846 2388 968 2445 damnavi
982 2393 1022 2452 17.
1040 2396 1072 2450 31

60 2471 206 2532 lectionem
223 2453 321 2544 ἦλθον
332 2482 397 2546 post
411 2462 507 2545 ἥκειν,
523 2479 581 2536 173,
599 2463 793 2567 13έφάνρσαν
804 2480 868 2547 post
879 2466 1071 2543 ἐπιφανῆναι

10 2605 14 2615 .
60 2562 119 2621 177,
135 2549 356 2630 7έιιένιεμψαν
376 2564 454 2696 postg
462 2573 485 2610 ιι
486 2551 596 2629 έμφαι,
624 2558 730 2612 correxi
750 2560 810 2619 757,
832 2564 864 2617 31
894 2557 1073 2631 praecedento

60 2633 222 2717 ἰγιβῆναιέ
222 2637 352 2716 νέβησαν
369 2658 421 2716 pro
440 2633 616 2716 ἐπέβησαν.
611 2641 702 2698 Raro
724 2640 851 2697 discessit
864 2641 1017 2716 Polyaenus
1040 2642 1073 2698 ab

10 2787 15 2796 ‚
60 2725 108 2785 bac
123 2744 173 2783 sua
189 2726 264 2823 lege,
282 2733 315 2783 ut
328 2733 371 2790 89
387 2732 412 2787 6
428 2713 793 2796 7έξανασιάντεςεῐέιιαν
795 2719 926 2800 canipae,
944 2725 992 2784 ubi
1005 2727 1073 2783 alte·

10 2857 18 2868 .
60 2828 120 2868 ram
135 2820 226 2868 estex
242 2812 328 2887 ipsius
343 2811 472 2888 Polyaeni
487 2811 696 2875 consuetudine,
712 2813 833 2953 priusfl
808 2829 842 2868 ex
833 2811 1015 2954 gThucydide
1025 2812 1071 2868 de·

60 2897 205 2972 scriptum,
224 2896 383 2961 νε1756,6
399 2895 570 2991 8σω6ἦναι
584 2890 833 2991 ΠέρσαςεῑολΠ
833 2891 913 2974 έρσαι
928 2885 1072 2991 διεσώθη
1135 2900 1138 2915 “

60 2990 114 3036 σαν
129 2980 192 3056 (pro
208 2972 381 3055 έσωθησαν),
402 2988 467 3045 764,
492 2990 525 3042 15
539 2967 575 3037 τά
589 2971 770 3077 σκευοφόρα
772 2971 853 3037 λάειν
872 2989 901 3038 et
921 2967 957 3036 τά
969 2993 1071 3038 σκευο-

59 3055 140 3142 φόρα
152 3058 288 3123 διέλάσαν
303 3066 364 3142 (pro
379 3060 505 3140 ἔλασαν),
522 3072 581 3130 307,
589 3073 624 3126 70
638 3053 713 3122 κατά
726 3084 823 3122 νωιου
838 3052 992 3140 φανέντων
1006 3077 1072 3141 post

59 3143 270 3225 ἐπιφανέντας,
291 3152 408 3209 fortasse
423 3160 545 3227 propter
559 3134 677 3219 hiatum
699 3170 779 3227 quem
794 3151 940 3226 quidem'
918 3170 942 3208 ει
959 3168 989 3208 re
1007 3168 1070 3208 vera

10 3284 16 3294 .
60 3235 160 3312 ubique
176 3236 276 3292 evitare
292 3237 391 3300 voluit,
410 3253 425 3292 a
438 3236 557 3293 librariis
572 3245 631 3293 cert
632 3255 647 3294 e
620 3238 810 3294 tdestitntus
827 3244 877 3293 eat.

142 3320 198 3377 Nec
216 3327 336 3384 tantum,
361 3338 429 3396 quae
453 3323 547 3378 eodem
569 3330 761 3396 strategemate
782 3321 825 3377 bis
845 3322 957 3380 dicenda
983 3329 1070 3384 crant,

10 3399 16 3429 ²
62 3396 154 3463 iisde'm
167 3405 257 3462 verbis
271 3422 401 3480 ¹enpnesaa
420 3414 497 3470 sunt,
516 3407 562 3462 sed
575 3407 741 3482 Polyaenum
758 3423 867 3481 quoque
878 3406 930 3461 sibi
941 3413 1070 3462 constan-

10 3485 13 3496 '
61 3495 113 3550 tem
125 3490 259 3554 invenies,
281 3489 326 3546 ubi
342 3489 647 3565 similiastrategemata
669 3492 697 3547 in
713 3489 913 3566 posterioribus
930 3489 1007 3546 libris
1025 3507 1068 3546 re·
