2318 3892
476 201 629 262 Επεοα.
966 189 1033 263 '217

66 402 148 446 των.
189 369 305 443 Ἰάσων
332 378 531 460 συγκλείσας
555 371 659 454 αύτόις
685 371 789 462 λύτρα
812 369 900 464 ὑπὲρ
920 370 1035 445 αὐτῶν

68 474 171 566 ῆτησε
184 474 248 566 τῆν
261 479 396 565 μητέρα.

143 575 262 649 Ἰάσων
281 576 364 665 πρὸς
385 576 448 667 τῆν
470 580 597 668 μητέρα
616 580 653 648 έν
676 593 745 658 τοϊς
768 583 882 646 ἰστῶσι
902 584 959 666 τῆς
973 607 1031 648 τα·
1051 605 1067 654 5

72 687 288 771 λασιουργίας
296 687 366 750 τῶν
380 687 601 769 θεραπαινῶν
615 683 857 770 ἐπιμελομένην
867 680 1033 751 εἰσελθῶν

56 783 153 873 mv&
173 783 248 865 ἑνός
270 790 339 853 τῶν
360 781 538 873 ἀδελφῶν,
563 780 607 863 ῶς
626 784 807 877 συμβούλῳ
830 786 1033 872 χρησόμενος

71 893 139 959 τῶν
157 885 354 975 ἀναγκαίων
375 893 435 977 τῆς
456 885 574 977 ἀρχῆς,
594 893 795 975 μεταστῆναι
816 887 938 967 ταύτας
960 889 1031 956 ἐκέ-

72 997 181 1060 λευσε.
214 990 427 1078 Δορυφόροις
447 991 510 1079 μὲν
531 988 573 1079 δῆ
595 991 864 1078 συντεταγμένον
883 981 927 1078 ῆν
945 987 1032 1059 άπά·

71 1120 146 1178 γειυ
162 1089 302 1173 ἁπάσας.
329 1090 440 1174 Αύτός
455 1093 509 1179 δὲ,
530 1090 613 1181 μετὰ
626 1091 758 1181 μακράν
772 1089 906 1181 ὁμιλίαν
924 1091 1032 1177 έξιῶν,

69 1200 212 1282 μειδιῶν
239 1199 279 1286 τῆ
305 1197 404 1283 μητρί
428 1197 607 1285 προσέταξε
628 1197 705 1284 περί
725 1201 793 1264 τῶν
813 1200 1033 1284 θεραπαινῶν

66 1296 234 1390 ἀργύριον
249 1293 340 1390 αύτῷ
356 1299 493 1385 πέμψαι.

142 1398 261 1470 Ἰάσων
274 1396 424 1487 άδελφόν
438 1400 505 1488 εἶχε
520 1399 701 1488 Μηριόνην
710 1395 797 1486 άγαν
811 1403 1032 1484 πλουτοῦντα,
1051 1417 1068 1470 6
1108 1484 1116 1497 ⁸

63 1502 302 1595 φιλάργυρον,
324 1503 431 1592 μηδὲν
451 1500 543 1596 αύτῷ
558 1501 711 1572 διδόντα·
733 1502 790 1569 καί
804 1499 846 1590 δῆ
860 1526 939 1571 ποτε
954 1527 1031 1570 παι-

65 1612 149 1679 δέσυ
183 1607 407 1695 γεννηθέντος
434 1603 545 1698 αύτῷ,
577 1607 711 1693 μέλλων
733 1600 838 1691 όνομα
863 1610 1034 1688 τίθεσθαι,

62 1707 150 1790 τούς
183 1705 340 1796 άρίστους
367 1713 543 1777 Θετταλῶν
576 1707 716 1785 καλέσας
743 1704 950 1794 παρεκάλεσε
975 1704 1035 1775 τὸν

66 1808 223 1896 άδελφόν
247 1815 433 1897 προστῆναι
450 1815 509 1897 τῆς
527 1804 705 1895 ὑποδοχῆς.
747 1802 782 1874 ‘0
802 1807 865 1895 μὲν
890 1805 932 1898 δῆ
957 1809 1036 1894 περὶ

66 1919 177 1983 ταῦτα
199 1909 297 1998 εἰχεν.
327 1908 443 1981 Ἰάσων
463 1911 499 1980 δὲ
520 1908 604 1980 κατά
624 1909 796 1999 πρόφασιν
814 1908 923 1999 θῆρας
944 1913 1033 1994 έξελ-

67 2015 147 2087 θῶν
162 2014 195 2094 ές
211 2011 388 2102 Παγασάς,
410 2020 497 2084 ἔνθα
509 2013 687 2102 Μηριόνης
701 2009 858 2106 κατῶκει,
879 2013 1034 2104 περιστῆ-

68 2139 132 2199 σας
156 2115 235 2197 τούς
249 2116 490 2206 αἰχμοφόρους,
514 2115 715 2205 βιασάμενος
733 2114 811 2196 τούς
828 2116 1035 2205 οἰκονόμους,

65 2230 179 2292 εἰκοσι
198 2217 365 2346 άργυρίον
384 2219 531 2289 τάλαντα
550 2218 682 2307 λοβῶν,
701 2215 785 2306 μετά
804 2225 954 2343 σπουδῆς
981 2221 1036 2289 έπί

70 2352 109 2393 το
95 2322 266 2393 δείπνου
279 2315 381 2413 ῆλθε,
401 2324 458 2392 καὶ
473 2349 520 2415 ιφ
506 2318 673 2447 ἀδελφῷ
686 2325 845 2390 σπονδῶν
858 2320 1036 2409 κατάρχειν

68 2428 234 2514 ἐπέτρεψε
267 2422 356 2495 καί
345 2423 466 2513 κύριον
493 2422 598 2493 αὐτόν
625 2423 713 2493 εἰναι
733 2428 792 2510 τῆς
821 2424 949 2504 θέσεως
975 2429 1036 2493 τού

70 2526 235 2617 ὀνόματος
254 2532 302 2622 τῷ
321 2535 456 2622 πάιδίφ.
495 2526 688 2616 Μηριόνης,
712 2536 757 2579 **
775 2523 931 2615 ῆγγειλεν
945 2523 1037 2620 αύτῷ

70 2637 313 2721 πεπορθῆσθαι
337 2629 399 2720 τῆν
428 2634 574 2716 οἰκείαν,
602 2627 780 2718 δεξάμενος
807 2627 845 2697 τό
870 2628 1036 2719 χάρ[ι’σμα]

71 2733 179 2824 ὄνομα
194 2742 291 2805 ἔθετο
304 2740 351 2828 τῶ
366 2739 489 2827 παιδίφ
503 2731 698 2818 Πορθάονα.

54 2864 57 2900 ἰ
146 2835 265 2930 Ἰάσων
283 2836 342 2906 τόν
361 2833 512 2920 άδελφδν
523 2835 734 2923 Πολύδωρον
749 2830 877 2922 ῆγαγεν
898 2835 953 2902 ἐπὶ
974 2832 1034 2903 πό·
1054 2858 1091 2912 7.

73 2949 129 3010 λιν
150 2938 350 3010 ἁλίσκεσθαι
381 2942 584 3027 μέλλουσαν,
620 2937 871 3026 λαφυροπῶλην
895 2934 1034 3022 γενησό-

74 3071 190 3133 μενον.Ι
230 3041 322 3112 Ἐπεὶ
343 3042 380 3111 δέ
400 3033 444 3130 ῆν
464 3038 535 3128 ῶρα
562 3045 722 3128 λουτροῦ,
752 3036 959 3127 παρεκάλεσε
978 3035 1037 3106 τὸν
1103 3103 1106 3109 .

72 3145 225 3236 ἀδελφόν
240 3150 396 3232 σφοδρῶς
417 3141 523 3213 αὐτοῦ
543 3143 582 3215 τό
600 3149 695 3232 σῶμα
714 3156 830 3231 τρῖψαι
843 3142 900 3209 καί
916 3146 1036 3227 διαγν-

73 3249 209 3340 μνάσαι.
245 3245 281 3317 ‘0
305 3249 368 3337 μὲν
398 3250 552 3333 έπειράτο
576 3253 708 3336 τρίβειν
736 3241 896 3324 εὐτόνως·
920 3241 1037 3313 Ἰάσων

54 3379 59 3418 ι
76 3354 134 3440 δέ,
154 3348 201 3434 ῶς
220 3349 459 3439 ἐνοχλούμενος
480 3345 548 3420 ύπδ
573 3355 635 3419 τοῦ
647 3344 649 3348 ’
661 3354 861 3433 δμκτυλίου,
890 3344 1036 3433 παρεκά-

73 3465 175 3527 λεσεν
192 3452 298 3525 αὐτόν
317 3453 408 3541 παρὰ
427 3452 489 3541 τῆν
504 3467 619 3543 τρίψιν
638 3449 841 3520 ἀποθέσθαι.
872 3447 1037 3518 Πολύδω-

73 3586 133 3651 ρος
152 3558 193 3630 δὲ
210 3555 333 3643 ἐξελῶν
353 3561 412 3646 τῆς
424 3554 534 3647 χειρὸς
555 3559 721 3626 ἐνέδωκεν
734 3550 836 3645 άνδρί
849 3557 956 3648 πιστῷ
970 3558 1039 3620 τῶν
