2318 3892
96 217 157 281 278
270 246 274 253 ·
491 218 677 280 ΒλΒΛΙΟΝ

97 389 269 469 ὑπόπτους
292 395 437 476 ἔχοντες,
459 389 639 458 ἐκέλευσαν
662 385 785 469 αάτοδς
803 384 845 456 τά
863 391 924 477 τῆς
938 387 1065 456 Μυκά-

100 503 159 580 λης
185 489 272 580 ἀκρα
297 489 497 579 φυλάττειν,
523 491 612 586 λόγῳ
638 490 702 579 μέν
729 485 774 572 ὥς
800 490 985 579 ἐμπείρους
1012 495 1068 580 τῆς

100 593 224 683 χώρας,
248 599 336 688 έργφ
360 593 415 679 δὲ,
437 597 494 662 ἵνα
511 592 556 683 μή
576 592 740 683 παρόντες
754 598 999 683 διαφθείροιεν
1012 595 1069 661 καὶ

100 695 177 777 τούς
192 694 313 776 ἀλλους
331 691 458 774 Ἴωνας.

492 874 718 947 Πιταετλεπ.Ι
904 946 911 951 Π
1078 900 1088 938 a

67 1017 84 1068 2
178 1001 307 1089 Πέρσαι
332 997 467 1088 Μήδοις
486 997 744 1088 παρετάσσοντο.
766 1003 927 1088 ’Περσῶν
953 1003 1070 1088 Κῦρος

100 1097 224 1190 ήγεῖτο.
262 1101 380 1191 Κύρου
401 1098 572 1190 σατράπης
594 1100 742 1190 Οἰβάρης
759 1091 838 1191 ἦρξε
856 1104 992 1189 φνγής,
1012 1103 1069 1171 καλ

100 1200 190 1273 ὅσων
207 1200 319 1302 ήγεῖτο
331 1209 492 1292 Περσῶν,
513 1204 635 1285 πάντες
653 1211 700 1296 τῷ
720 1201 873 1295 σατράπη
892 1205 1067 1291 συνέφευ-

100 1334 172 1393 γον.
200 1302 306 1376 Ἔνθα
328 1303 369 1392 δή
392 1309 429 1372 αἱ
440 1310 626 1394 Περσίδες,
647 1302 881 1393 ἀπαντάμεναι
895 1302 968 1385 τοῖς
982 1304 1067 1394 φεύ-

100 1427 230 1495 γουσιν,
245 1403 496 1494 ἀνασυράμεναι
512 1406 591 1489 τους
603 1413 838 1495 χιτωνίσκους,
848 1402 966 1476 “Ποῖ”
980 1413 1064 1497 ἔφα,
1080 1435 1096 1474 ιι

100 1529 164 1579 σαν
172 1504 355 1596 “φευ’γετε;
371 1504 392 1598 ή
408 1504 492 1578 ὅθεν
507 1511 656 1596 ἐξέδυτε,
670 1508 774 1608 πάλιν
788 1510 859 1579 ἐκεῖ
874 1516 1067 1581 καταδῦναι
1103 1490 1105 1593 ή

100 1609 263 1681 σπεύδετε
272 1608 305 1692 ;”
326 1608 362 1679 Ὁ
376 1609 473 1698 λόγος
483 1617 550 1682 τάν
560 1617 733 1701 γυναικοῖν
745 1608 869 1703 ᾔσχυνε
882 1610 965 1694 τούς
974 1616 1065 1704 Πέρ-

100 1734 178 1800 σας,
200 1716 256 1784 καὶ
275 1710 543 1803 ἀναστρέψαντες
564 1715 619 1785 ἐπὶ
631 1712 693 1803 τήν
705 1713 815 1804 μάχην
826 1711 904 1796 τούς
917 1714 1065 1804 Μήδους

100 1821 133 1896 ἐς
148 1815 264 1906 φυγήν
276 1819 466 1906 ἐτρέψαντο.
874 1804 888 1843 ·’

467 1994 510 2049 46.
529 1994 678 2049 ΤΆΤΡΟΙ.
1078 2009 1093 2049 τε

181 2123 305 2210 Ταῦροι
332 2118 511 2190 Σκυθικὸν
542 2122 640 2208 γένος
675 2117 748 2209 ἀεὶ,
789 2116 1065 2209 παρατάττεσθαι

100 2222 292 2307 μέλλοντες,
320 2219 378 2302 τάς
397 2220 540 2292 ὄπισθεν
560 2218 661 2302 ὁδοδς
687 2216 980 2310 ἀνασκάπτουσιν,
1008 2223 1065 2292 καλ

100 2325 297 2412 ποιήσαντες
316 2323 460 2412 ἀβάτους
482 2322 589 2404 οὕτως
606 2322 843 2414 ἀγωνίζονται,
866 2323 986 2416 ἵναμή
1000 2331 1062 2395 δυ-

100 2425 237 2513 νάμενοι
251 2442 374 2515 φυγεῖν
390 2423 410 2515 ή
425 2443 579 2517 κρατοῖεν
592 2423 614 2517 ή
627 2425 887 2516 ἀποθνήσκοιεν.

451 2605 492 2660 47.
509 2607 705 2660 mmm
725 2572 729 2578 ⁵
1079 2609 1100 2648 ν

176 2740 361 2821 Πελληνεῖς
385 2729 608 2812 ἀναπλέοντες
634 2734 672 2802 ἐκ
701 2736 821 2822 Τροίας
837 2730 1002 2819 κατέσχον
1018 2739 1066 2811 είς

99 2833 161 2923 τήν
181 2836 346 2922 Φλέγραν.
373 2834 586 2921 Αίχμάλωτοι
604 2826 789 2924 Τρωιάδες,
804 2836 873 2903 τάν
890 2830 1063 2923 Ἑλλήνων

100 2939 153 3006 ἐπὶ
167 2942 231 3026 γήυ
245 2932 446 3025 ἀποβάντων
460 2934 501 3004 οὐ
520 2937 683 3025 φέρουσαι
706 2933 882 3025 τήνάλην,
903 2934 962 3017 τὰς
977 2943 1064 3018 ναῦς

99 3040 319 3128 κατέπρησαν.
346 3035 484 3107 ’Ἐπειθε
497 3036 554 3118 τάς
569 3037 798 3128 αἰχμαλώτους
811 3035 952 3127 Ἀνθία,
973 3046 1061 3128 Πρι-

97 3142 184 3229 άμου
201 3138 348 3231 ἀδελφή·
369 3144 405 3210 οί
422 3141 458 3210 δὲ
479 3137 637 3230 Ἕλληνες
657 3138 782 3235 ἀπορίᾳ
801 3144 943 3229 σκαφῶν
961 3169 1059 3213 κατε-
1075 3164 1099 3203 ²⁵

97 3242 239 3331 λάβοντο
256 3242 319 3332 τήν
336 3248 401 3313 νῦν
415 3247 626 3333 καλουμένην
638 3244 810 3333 Σκιώνην,
823 3244 880 3313 καὶ
894 3241 994 3314 πόλιν
1008 3250 1058 3314 ol-

164 3506 231 3572 cap.
256 3507 298 3557 τι.
341 3511 364 3571 ς.
391 3510 416 3557 2.
469 3508 511 3559 cf.
536 3508 609 3562 Plut.
635 3509 668 3561 de
683 3476 756 3562 'vim
778 3510 843 3561 mul.
872 3512 888 3560 5
910 3470 948 3561 α’
970 3510 1060 3561 πτειν.

94 3575 222 3627 Damaso.
241 3580 263 3626 t.
282 3577 307 3627 3.
324 3591 352 3640 p.
370 3576 421 3628 40ss
437 3578 541 3629 Miiller.
775 3597 780 3604 ·
931 3596 934 3601 ·
