2318 3892
122 181 181 245 138
507 183 692 244 ΒΙΒΛΙΟΝ
740 180 743 185 ’

119 353 181 444 ὄρη
203 352 304 424 στενά
325 356 382 424 καὶ
403 351 526 442 ὑψηλά.
563 354 700 434 Τούτοις
716 353 993 443 προσβάλλοντας
1005 353 1082 435 τούς

119 457 322 537 Μακεδόνας
336 455 483 537 εὐκόλως
496 447 723 546 ἀπεκρούοντο
737 463 771 526 οί
781 456 960 546 βάρβαροι,
975 479 1080 544 σφεν·

120 561 238 644 θόνας,
265 561 364 648 βέλη,
392 563 534 648 πέτρους
566 558 738 648 ἀφιέντες·
761 557 846 629 ῶστε
871 558 1081 640 ἀνακαλέσας

111 662 243 743 ἀὐτούς
260 660 473 754 Ἀλέξανδρος
499 660 565 732 άπό
587 663 766 750 τριάκοντα
783 669 932 733 σταδίων
952 661 1081 751 χάρακα

119 766 287 855 ἐβάλλετο.
321 758 385 836 Ἠν
404 767 443 836 δέ
461 764 577 854 λόγιον
592 763 817 851 Ἀπόλλωνος,
838 762 883 846 ῶς
902 762 970 854 άρα
990 768 1101 848 ξένοςι

119 870 219 950 λύκος
241 865 377 958 ἡγεμῶν
395 867 486 962 αύτῷ
504 875 563 956 τῆς
581 865 667 938 όθού
682 874 741 957 τῆς
761 865 845 938 κατά
864 873 1013 957 Περσῶν
1026 871 1081 955 γέ·

119 1000 220 1043 νοιτο.
242 971 403 1060 Πρόναοι
418 970 460 1060 θη
472 977 519 1066 τῷ
528 969 735 1065 Ἀλεξάνθρφ
743 971 923 1059 βουκόλος,
937 978 1082 1061 θηρείαν

120 1083 206 1163 ἔχων
219 1073 359 1162 στολὴν,
375 1071 547 1163 ὁμολογῶν
561 1072 612 1144 ότι
624 1074 751 1155 Λύκιος
764 1066 807 1163 ἦν
814 1127 824 1161 ,
836 1075 895 1144 καὶ
909 1070 955 1155 ῶς
967 1075 1081 1168 κύκλφ

119 1183 188 1247 τῶν
203 1167 292 1264 όρῶν
308 1175 453 1265 άτραπὸς
467 1187 519 1265 είη
532 1183 579 1271 τῷ
592 1190 781 1266 συνηρεφεῖ
791 1183 849 1266 της
860 1174 945 1266 ὕλης
957 1175 1079 1248 άποκε-

121 1281 311 1368 κρυμμένη,
333 1277 424 1372 αύτῷ
446 1280 485 1350 δέ
505 1280 597 1374 μόνφ
617 1270 835 1371 γιγνώσκοιτο
856 1277 914 1350 διά
932 1278 998 1370 τὴν
1014 1286 1110 1354 τῶνιι

122 1386 214 1470 βοῶν
226 1381 345 1470 νομήν.
365 1379 609 1472 Ἀναμνησθεὶς
619 1381 834 1473 Ἀλέξανδρος
846 1388 907 1453 τού
919 1391 1081 1471 μαντείου

121 1484 270 1554 πιστεύει
290 1491 337 1580 τῷ
355 1486 520 1580 βουκόλῳ.
562 1484 631 1575 Τὴν
643 1486 706 1576 μὲν
727 1484 770 1575 δὴ
791 1491 903 1555 πᾶσαν
921 1483 1084 1573 στρατιάν

121 1589 300 1658 ἐκέλευσεν
327 1591 366 1658 έν
393 1591 606 1684 στρατοπέδῳ
619 1591 752 1677 μένειν,
782 1586 969 1658 καὶπολλὰ
993 1587 1084 1678 πυρὰ

120 1689 313 1779 ἀνακαίειν,
329 1694 574 1781 ἐφελκομένους
586 1690 648 1781 τὴν
661 1697 735 1761 τῶν·
741 1697 886 1778 Περσῶν
899 1689 992 1775 ὄψιν.
1022 1701 1081 1762 Φι·

120 1794 210 1887 λῶτμ
224 1795 262 1865 δέ
270 1795 327 1864 καὶ
333 1791 553 1883 Ἡφαιστίωνι
563 1794 782 1883 παράγγελμα
790 1791 871 1874 θοός
879 1791 1080 1884 ἀπόρρητον,
1094 1831 1110 1874 ι

46 1884 55 1916 '⁰
120 1893 246 1966 ὁπόταν
263 1895 347 1967 κατὰ
359 1903 511 1987 κορυφῆς
524 1904 593 1967 τῶν
611 1896 701 1985 όρῶν
716 1903 815 1966 ίδωσι
830 1894 909 1977 τούς
921 1897 1081 1968 Μακεδό-

121 2026 182 2078 νας
197 1996 419 2086 ἒκφανέντας,
439 1997 562 2080 αύτούς
581 2000 737 2070 κάτωθεν
750 1999 995 2088 προσβάλλειν,
1021 1997 1080 2072 αύ·

120 2098 176 2181 τὸς
198 2098 276 2181 τούς
301 2098 511 2182 ὑπασπιστάς
534 2100 628 2189 άγων
647 2104 704 2171 καὶ
731 2110 812 2190 μίαν
837 2098 989 2173 ὁπλιτῶν
1015 2102 1080 2191 φά-

119 2213 228 2291 λαγγα
247 2205 304 2272 καὶ
328 2202 366 2274 τό
391 2203 570 2275 Σκυθικόν
591 2203 723 2287 τοξικόν
741 2202 822 2275 ὅσον
847 2196 909 2294 ἦν,
943 2204 1003 2275 διά
1025 2211 1081 2294 τῆς

118 2304 270 2393 άτραπού
290 2313 348 2395 τῆς
374 2313 496 2395 λεπτῆς
520 2305 727 2398 ὀγδοήκοντα
753 2307 874 2377 στάδια
900 2306 1109 2396 προελθόντι

58 2450 65 2461 ·
119 2407 295 2496 ηὐλίσατο,
327 2410 553 2498 πυκαζόμενος
578 2407 643 2501 ὕλη
675 2410 856 2500 δασυτάτη.
897 2412 1018 2500 Μέσης
1043 2409 1080 2481 δέ

116 2510 242 2591 νυκτός
250 2509 443 2600 περιελθῶν
453 2515 648 2603 έπέστητοίς
658 2521 829 2601 πολεμίοις
837 2512 1079 2584 καθεύδουσιν·

93 2630 100 2641 ’
117 2611 301 2702 ἀρχομένης
316 2616 353 2685 δέ
369 2611 494 2703 ἡμέρας
507 2623 545 2696 αί
554 2616 735 2704 σάλπιγγες
748 2616 930 2704 ἐσήμαινον
942 2613 1011 2687 άπό
1024 2622 1081 2704 τῆς

117 2720 269 2803 κορυφῆς
282 2723 351 2786 τῶν
363 2715 468 2807 ὀρῶν
485 2714 692 2806 Ἡφαιστίων
706 2718 744 2788 δὲ
757 2721 813 2788 καὶ
830 2718 984 2800 Φιλύτας
1003 2716 1080 2799 τούς

117 2821 155 2887 ἐκ
173 2823 234 2886 τού
259 2816 403 2904 χάρακος
423 2821 626 2901 Μακεδόνας
648 2825 828 2909 προσῆγον.
872 2825 918 2891 Οί
935 2824 1108 2910 Πέρσαι,σ

117 2921 212 3007 μέσοι
226 2925 294 2989 τῶν
312 2918 451 2990 άνωθεν
465 2929 635 3012 πολεμίων
650 2925 707 2991 καὶ
725 2928 795 2992 τῶν
815 2920 973 2992 κάτωθεν
992 2921 1077 2995 άπο·

118 3025 317 3120 ληφθέντες,
332 3028 365 3093 ολ
377 3024 439 3112 μέν
453 3026 651 3112 ἐκτείνοντο,
670 3031 705 3095 οί
715 3025 753 3095 δὲ
766 3033 1077 3116 κατεκρημνιῗοντο,

118 3131 153 3194 οί
164 3125 202 3195 δέ
216 3126 448 3213 έζωγρεύοντο,

66 3246 101 3300 28
189 3225 404 3319 Ἀλέξανδρος
424 3225 495 3318 ῶρηι
516 3229 641 3317 θέρους
659 3221 719 3316 ἦγε
738 3227 800 3319 τὴν
816 3228 977 3319 στρατιάν
988 3229 1080 3320 παρὰ

117 3328 280 3419 ποταμόν,
299 3333 552 3422 προσκειμένων
577 3338 755 3419 πολεμίων.
799 3326 908 3419 Ὁρῶν
935 3333 972 3403 δέ
1000 3332 1110 3415 τούςιι

116 3432 319 3530 στρατιώτας
351 3440 520 3517 διψῶντας
540 3437 595 3504 καὶ
617 3432 815 3524 ἀφορῶντας
842 3441 890 3516 είς
909 3433 947 3504 τό
968 3439 1078 3527 ῥεῦμα

116 3538 177 3603 τοῦ
191 3540 356 3625 ποταμοῦ,
371 3541 428 3606 ἵνα
446 3535 492 3626 μὴ
506 3543 662 3618 πίνοντες
675 3535 874 3611 θιαλύσειαν
885 3535 945 3621 τὰς
958 3537 1079 3627 τάξεις,
