2318 3892
68 217 182 281 xxyrn
468 201 676 271 enarrarro.

68 387 135 454 pote
150 378 202 437 iam
217 378 245 437 i'n
262 376 310 437 illo
324 379 430 444 codice,
451 380 522 439 unde
542 381 631 437 nostri
652 379 799 445 linxerunt,
819 396 874 438 non
894 395 997 437 numer

51 463 117 520 ‘sed
133 464 233 522 litteris
248 465 359 522 exarati.
394 464 424 521 ln
446 464 499 522 alio
523 466 657 540 scriptore
672 466 739 522 tales
754 465 859 522 codices
874 465 919 522 vix
939 464 997 521 bon

69 566 160 613 ceres,
176 550 205 606 in
220 549 356 625 Polyaeno
375 549 555 606 barmarianis
573 559 647 607 certe
666 549 793 606 meliores
810 558 873 607 sunt
894 557 924 606 et
944 561 997 624 opt

69 633 112 690 vel
124 627 196 690 'hanc
211 634 246 690 ob
260 652 369 692 causam
383 634 518 698 laudandi,
536 635 608 708 quod
622 633 705 690 nullis
716 635 773 691 lere
788 635 997 708 grammaticorr

70 715 245 776 librariorum
276 719 450 794 glossematis
481 720 641 793 doctisque·
656 719 914 792 interpolationibus
951 719 997 794 inc

71 796 188 877 sunt47).
232 804 272 861 Ad
302 803 447 878 pristinum
468 804 586 861 nitorem
611 803 740 878 scriptori
760 804 928 862 reddendum
955 823 997 880 qu

70 887 142 944 desit
155 889 309 946 etiamnunc
323 886 477 945 luculenter
489 885 539 945 nos
555 889 634 945 docet

113 972 158 1046 17)
174 973 278 1030 codex
293 973 401 1030 Par'is.
419 990 532 1048 graec.
549 971 718 1046 Supplenr.
733 977 799 1036 485,
823 979 881 1028 tum
903 970 957 1029 alia
978 973 997 1030 h

71 1073 166 1114 corum
180 1058 345 1131 fragmenta,
362 1058 427 1113 tum
433 1075 496 1131 pag.
512 1063 528 1118 6
542 1056 670 1131 Polyaeni
684 1064 875 1130 strategemata
890 1063 916 1120 4,
933 1065 959 1120 3,
977 1065 996 1117 2

72 1147 98 1204 6,
116 1142 298 1203 3continens,
313 1157 406 1198 recens
423 1141 547 1215 quidem,
568 1142 616 1198 sed
633 1158 665 1198 ex
682 1141 774 1198 codice
789 1143 997 1215 praestantissir

74 1225 188 1298 scripta,
215 1225 259 1282 cui
281 1225 375 1282 codiciv
388 1226 509 1282 narratio
532 1225 566 1282 de
588 1243 680 1299 pugna
700 1224 844 1282 Alexandri
865 1235 966 1283 contra
991 1229 997 1289 l

73 1309 144 1366 lacta
158 1309 311 1387 praeclaras
325 1308 432 1384 aliquot
446 1310 646 1367 emendationes
663 1309 752 1366 debet.

157 1395 269 1452 Possem
284 1394 352 1450 alios
368 1395 535 1468 quoqucuhic
549 1411 691 1450 recensere
704 1393 833 1468 Polyaeni
849 1394 977 1459 codices,
995 1421 997 1451 2

73 1493 137 1542 neS,
151 1479 185 1535 dc
199 1478 297 1552 quibus
313 1478 383 1535 lama
394 1477 577 1553 percrebruit,
591 1496 749 1535 enumerare
761 1496 860 1553 operae
875 1480 997 1552 pretium

75 1579 117 1621 en.
135 1581 176 1637 gr.
193 1564 313 1621 codicem
327 1563 448 1626 Pricaei,
462 1563 495 1619 de
510 1580 564 1636 quo
579 1563 640 1620 vide
655 1555 824 1620 llaasvicium
840 1564 868 1618 in
882 1565 973 1637 prael.
994 1586 997 1621 a

74 1646 212 1722 lyaenum,
235 1648 277 1704 vel
297 1648 417 1704 codicem
431 1646 603 1704 Harleianum
622 1653 703 1711 5637,
726 1648 911 1704 continentem
935 1651 995 1706 vari

75 1733 164 1789 tiones
180 1733 208 1788 in
220 1732 350 1808 Polyacni
364 1732 553 1806 strategetica,
574 1739 654 1788 notas
671 1732 701 1787 in
721 1733 836 1789 eundem
857 1724 953 1789 forsan
970 1735 997 1790 al

75 1817 183 1874 llilbero
201 1816 342 1880 collectas,
357 1818 445 1873 varias
459 1816 591 1874 lectiones
606 1816 658 1873 alia
673 1834 768 1880 manu,
784 1825 811 1872 et
826 1816 927 1872 iterum
940 1818 995 1875 alia

76 1909 125 1958 aut
137 1901 216 1957 nimis
231 1910 335 1958 remota
348 1901 513 1974 investigare
525 1918 581 1957 non
595 1901 674 1965 licet,
691 1908 737 1957 aut
751 1901 820 1957 nulli
831 1909 895 1958 suut
907 1901 950 1957 illi
961 1904 997 1960 Ρ(

75 1985 197 2048 codices,
212 1992 244 2040 ut
258 1986 418 2042 Bcrncnsa‘s
430 1986 564 2041 motbcm.
575 2001 673 2057 proce.
685 1990 728 2049 97,
742 1986 788 2059 qui
805 1985 853 2040 lol.
869 1993 920 2044 112
932 1980 945 2016 b
959 2006 996 2062 sq

77 2070 166 2145 ipsum
182 2068 361 2144 Polyaenum,
379 2069 426 2126 sed
440 2058 634 2144 στρατηγικὰς
650 2063 837 2144 παραινέσας
857 2071 958 2127 Leonis
976 2073 997 2128 ir

1 2173 2 2176 ¹
77 2155 147 2210 toris
168 2155 290 2211 continet
301 2148 354 2227 48),
379 2154 421 2210 rel
436 2156 567 2211 Formati
584 2156 677 2210 codex
698 2154 916 2212 Pseudoheronis
941 2174 997 2231 noy

77 2234 138 2294 λῶν
154 2231 186 2293 ἐκ
197 2235 255 2293 τῶν
266 2236 468 2314 στρατηγικῶν
479 2227 678 2311 παρατάξεων,
694 2238 728 2294 de
741 2256 794 2312 quo
809 2239 843 2296 cl.
856 2240 927 2296 Sam.
937 2241 997 2298 Mur

77 2322 275 2398 praelationem
290 2325 323 2380 ad
336 2323 466 2398 Polyaeni
486 2323 632 2380 editionem
651 2321 770 2380 berolini
787 2323 913 2380 emissam
935 2343 997 2382 aum

79 2414 107 2465 et
118 2407 163 2464 nr.
176 2406 272 2464 Haasei
283 2414 384 2464 narrat.
397 2426 443 2483 pg.
451 2413 493 2468 14.
506 2410 548 2471 15,
559 2407 602 2464 vel
613 2408 729 2482 denique
739 2409 997 2466 BasiliensisBatte

77 2492 148 2549 idem
161 2499 195 2549 ut
209 2492 315 2549 videtur
332 2510 393 2550 cum
407 2492 548 2549 Basiliensi
568 2493 599 2549 Α.
613 2493 643 2548 N.
657 2491 687 2548 ll.
710 2498 751 2556 11,
774 2492 881 2549 easdem
902 2492 963 2550 illas
981 2515 997 2550 a

77 2563 170 2652 βολὰς
184 2571 330 2651 anonymus
349 2586 378 2635 et
392 2577 477 2634 multa
491 2577 542 2633 alia
559 2577 654 2634 similis
669 2576 823 2650 argumenti
837 2577 998 2651 complector

163 2661 313 2718 illuxerunt
336 2662 444 2735 quidem
466 2663 533 2719 haec
551 2662 649 2719 Leonis
670 2669 698 2717 et
719 2662 937 2719 Pseudoheronis
960 2680 997 2737 op

80 2763 113 2801 ex
126 2744 262 2820 Polyaeno
278 2753 306 2802 et
319 2746 413 2802 insunt
432 2747 577 2820 quaedam,
598 2763 667 2820 quae
685 2745 728 2802 vel
747 2746 780 2802 ad
794 2745 916 2802 lacunam
938 2747 997 2804 illar

80 2829 150 2886 sexti
164 2829 322 2903 explendam
336 2830 488 2905 pertinent,
508 2831 669 2905 praesertim
684 2847 716 2890 ex
728 2830 878 2890 Hannibale
900 2848 997 2909 excerp

80 2921 156 2988 patet
170 2932 203 2971 ex
215 2914 258 2970 his
273 2914 481 2990 speciminibus:
581 2923 585 2930 '

148 3112 192 3177 47)
206 3113 393 3176 Glossemeta,
412 3115 528 3164 sirecte
545 3113 616 3178 vidi,
633 3114 705 3165 haec
717 3119 793 3165 sunt:
817 3114 972 3182 χοαμίτρας
990 3119 997 3165 i

81 3177 132 3232 out
150 3173 214 3246 ἅμα
231 3171 322 3247 αὐγῆς
334 3180 367 3246 (0)
386 3180 443 3243 208,
457 3181 499 3245 20,
513 3179 612 3247 βαλεῖν
624 3181 688 3243 300,
702 3181 748 3244 11,
768 3174 971 3249 ἐταράχθησαν
984 3185 997 3235 3

81 3249 153 3322 haec
164 3249 219 3298 tria
231 3249 261 3298 in
272 3265 326 3299 nno
335 3249 487 3326 yodemque
501 3251 601 3314 capite.
623 3249 707 3307 Τίνες
720 3245 794 3316 δόλῳ
808 3242 963 3318 ἐχρήσαντο
975 3253 997 3316 4,

82 3308 169 3434 Ξόναι
187 3315 249 3380 101,
269 3317 310 3381 12,
327 3315 443 3382 ανδρων
462 3316 523 3380 130,
544 3317 575 3368 10
594 3317 739 3369 nonnullos
755 3322 863 3368 tantum
886 3319 997 3370 codices

102 3388 189 3436 erunt.
669 3412 671 3416 ·
835 3403 838 3408 ·

149 3449 193 3513 48)
207 3450 324 3516 Scripsit
335 3451 386 3501 boc
399 3451 433 3501 de
446 3451 542 3501 codice
554 3451 627 3503 Arm.
640 3450 749 3516 Knahly
760 3453 790 3501 in
801 3469 891 3519 progr.
905 3454 997 3504 Turicr

148 3517 192 3582 40)
204 3518 396 3585 Zuverlassige
408 3519 603 3584 Nuchrichten,
617 3520 735 3586 Leipzig
747 3519 821 3586 1757,
834 3536 899 3587 pere
910 3521 967 3585 110,
979 3539 997 3588 p
