2318 3892
497 211 682 273 OPAOON.
1005 210 1066 272 315

104 384 233 472 πέμψαι
249 398 318 464 τοῖς
334 379 504 471 ἀδελφοῖς.
532 381 805 473 Ἐπιτρέψαντος,
827 382 985 472 ἐμβάλλει
1004 412 1065 472 μο-

104 491 257 574 λυβδοῦν
272 503 499 575 γραμματεῖον
512 491 545 568 ές
558 486 618 556 τόν
632 492 834 570 πλακοῦντα,
841 491 888 581 τῷ
900 494 1067 574 κομίζοντι

102 592 319 679 ἐντειλαμένη
334 589 459 676 φράσαι
475 606 543 674 τοῖς
557 587 733 678 ἀδελφοῖς,
758 586 848 670 ὅπως
861 587 957 658 αὐτοὶ
970 590 1067 678 μόνοι

55 774 59 787 ,
102 692 258 781 φάγοιεν,
273 689 338 763 ἀπὸ
358 691 516 780 στόματος
529 698 586 782 τῆς
599 690 757 780 ἀδελφῆς.
792 697 838 761 Os
848 693 895 779 δέ,
911 686 1067 782 εύρόντες

76 794 165 871 ιτδν
198 795 369 884 μόλυβδον
401 798 458 866 καὶ
485 793 748 879 ἀναπτύξαντες,
784 793 1066 882 ἀναγινώσκουσι,

55 912 60 987 ξ
97 894 272 986 “Νύκτωρ
287 901 452 969 ἐπίθεσθε
465 913 534 980 τοῖς
548 906 717 988 πολεμίοις
731 896 787 968 διά
800 897 861 987 τὴν
875 898 992 988 ἑορτὴν
1005 925 1063 987 με·

99 984 232 1073 θύουσι
242 1004 298 1072 καὶ
312 1002 520 1072 καθεύδουσι
533 1004 589 1070 καὶ
602 999 816 1090 ἀφυλάκτοις.
822 998 840 1026 ”
859 1007 905 1071 Οἱ
916 1003 953 1072 δὲ
966 1023 1066 1090 στρα-

97 1106 200 1194 τηγοί
218 1110 322 1174 ταῦτα
343 1105 508 1194 μαθόντες
521 1105 654 1193 νύκτωρ
672 1107 833 1175 ἐπέθεντο
853 1107 992 1175 καὶτῶν
1007 1130 1064 1174 πο-

97 1214 230 1296 λεμίων
255 1207 460 1298 ἐκράτησαν·
490 1205 549 1277 τὸν
563 1211 675 1297 μέντοι
696 1207 886 1297 Διόγνητον
910 1204 1065 1299 ἡΠολν·

55 1341 81 1382 ο
97 1318 199 1402 κρίτη
213 1313 311 1399 γέρας
324 1310 414 1400 παρά
426 1318 495 1381 τάν
509 1318 655 1382 πολιτῶν
667 1308 821 1400 ᾐτήσατο.

453 1557 497 1613 ει.
516 1548 713 1614 ΛΑΜΨΑΚΗ.

180 1727 332 1800 Φωκαεῖς
352 1718 461 1802 Φόξον
480 1715 627 1807 ἡγεμόνα
647 1724 777 1807 ἔχοντες
798 1713 989 1806 Μάνδρωνι
1002 1723 1063 1805 βα-

101 1830 194 1893 σιλεῖ
216 1822 402 1914 Βεβρύκων
427 1821 663 1911 συνεμάχησαν
687 1816 754 1890 ὑπὸ
779 1825 848 1889 τῶν
873 1825 1065 1907 προσοίκων

102 1923 288 2016 βαρβάρων
306 1927 562 2020 πολεμουμένῳ·
577 1922 755 2012 Μάνδρων
770 1928 883 1992 ἔπεισε
895 1919 972 2003 τούς
985 1931 1063 1993 Φω-

61 2053 85 2095 15
102 2043 196 2111 καεῖς
209 2031 354 2098 ἐνοικεῖν
367 2030 467 2116 μέρος,
478 2026 652 2117 τῆςχύρας
664 2028 786 2115 καὶτῆς
799 2022 927 2108 πόλεως
940 2025 1063 2115 λαβόν-

100 2159 171 2211 τας.
200 2128 291 2201 Ἐπεὶ
313 2132 351 2201 δὲ
371 2132 530 2213 πολλάκις
548 2130 611 2220 μὲν
637 2135 675 2201 έν
695 2145 766 2211 ταῖς
786 2130 904 2218 μάχαις
930 2132 1064 2214 ένίκωυ,

103 2232 212 2305 πολλά
233 2233 271 2304 δέ
285 2233 420 2320 λάφυρα
433 2237 594 2317 ἐκτῶντο,
619 2236 800 2321 ἐπίφθονοι
816 2247 886 2312 τοῖς
898 2232 1065 2320 Βέβρυξιν

102 2340 274 2424 ἐγένοντο,
296 2333 380 2405 ὥστε
399 2334 651 2425 ἀποδημοῦντος
670 2335 883 2426 Μάνδρωνος
903 2333 989 2427 λόχῳ
1009 2338 1065 2403 καὶ

103 2440 193 2532 δόλῳ
206 2437 449 2528 τούςἝλληνας
463 2439 707 2527 ἐβουλεύσαντο
729 2444 937 2525 διαφθεῖραι.
963 2437 1064 2506 Μάν-

67 2567 88 2607 ²0
103 2550 234 2633 δρωνος
258 2543 414 2631 θυγάτηρ
433 2541 600 2631 Λαμψάκη
628 2542 797 2629 παρθένος
821 2546 978 2629 μαθοῦσα
1004 2537 1066 2629 τὴν
1115 2532 1118 2539 ’

70 2733 74 2744 ¹
102 2644 289 2736 έπιβονλὴν
308 2644 511 2733 ἀποτρέπειν
530 2646 699 2731 ἐπειρᾶτο·
726 2639 771 2724 άς
792 2643 830 2713 δὲ
850 2641 913 2714 ούκ
935 2648 1063 2728 ἔπειθε,

101 2750 219 2838 κρύφα
235 2765 304 2830 τοῖς
318 2748 453 2835 Ἕλλησι
466 2747 588 2837 μηνύει
601 2744 641 2817 τά
661 2744 733 2815 κατ’
754 2742 866 2817 αὐτόν
880 2755 1062 2837 βεβουλευ-

100 2856 197 2943 μένα.
236 2858 283 2922 Of
297 2853 344 2939 δὲ,
359 2860 487 2922 θυσίαν
504 2849 817 2943 παρασκευάσαντες
829 2848 985 2940 λαμπράν
1002 2853 1064 2933 ἔξω

100 2962 224 3044 τειχῶν
258 2962 398 3025 καλοῦσι
425 2954 503 3036 τούς
526 2952 715 3044 βαρβάρους
736 2957 770 3034 ές
791 2953 828 3022 τό
854 2952 1062 3038 προάστειον.

60 3082 83 3130 23
103 3065 150 3130 Οί
168 3059 231 3147 μὲν
251 3057 293 3147 δὴ
313 3059 572 3137 κατακλιθέντες
586 3055 791 3145 εὐωχοῦντο·
814 3061 850 3126 οί
860 3057 896 3124 δὲ
913 3063 1064 3135 Φωκαεῖς

79 3169 182 3250 «δίχα
196 3161 364 3241 διελόντες
382 3157 505 3240 αύτούς
525 3164 559 3230 οί
576 3160 637 3248 μὲν
657 3158 698 3230 τά
721 3165 811 3246 τείχη
830 3157 1063 3246 κατελάβοντο,

103 3271 141 3336 οἱ
151 3264 190 3335 δὲ
203 3263 281 3345 τοὺς
296 3262 547 3351 εὐωχουμένους
557 3261 703 3350 ἀνεῖλον,
716 3262 772 3330 καὶ
785 3258 848 3350 τὴν
860 3261 959 3332 πόλιν
968 3259 1063 3331 αύτοὶ

100 3371 274 3456 κατέσχον.
326 3365 394 3455 Τὴν
427 3366 463 3435 δὲ
489 3366 677 3455 Λαμψάκην
709 3369 969 3452 μεγαλοπρεπῶς
996 3367 1061 3432 έτί-

173 3597 241 3665 Cap.
262 3595 305 3651 37.
342 3599 385 3687 βπ
403 3597 475 3649 Plut.
495 3598 561 3651 ibid.
582 3598 623 3649 18.
