2318 3892
108 153 170 218 298
400 234 406 239 ,
497 155 682 216 mamm

109 334 196 417 μίων
211 325 366 415 ἐφόδους,
381 327 529 416 ἐνέδρας,
547 330 741 415 αἰφνιδίους
754 327 981 417 καταδρομάς·
994 326 1064 397 τού.

109 459 177 499 των
190 427 334 517 άγγελον
349 438 496 518 ἔφασκεν
510 436 599 516 ἔχειν
613 427 676 517 τήν
695 428 829 518 νεβρόν.
849 426 947 501 Ὅσαι
963 430 1003 499 δὲ
1016 432 1067 500 καί

108 541 200 601 νίκαι
217 535 372 622 πολέμων
392 529 585 620 ήλπίζοντο,
606 534 663 602 καί
681 537 785 601 ταῦτα
800 529 857 601 διὰ
874 537 934 621 τής
949 541 1067 623 νεβροῦ

108 634 298 725 μανθάνειν
318 633 408 723 παρά
434 641 492 723 τῆς
509 641 596 704 θεοῦ
622 634 764 721 φάσκων
788 636 971 725 ἐξέπλησσε
996 637 1068 718 τοῦς

108 738 300 827 βαρβάρους
313 738 367 806 καὶ
384 752 639 828 προσεκυνείτο,
650 740 706 807 καί
720 737 843 818 πάντες
855 735 949 835 αὐτῷ
963 762 1064 831 προσ·
1079 770 1085 807 ι

107 844 255 928 ἔφευγον
269 837 313 921 ῶς
327 841 593 931 δαιμονιωτίραν
606 838 703 928 ίσχύν
717 846 835 929 ἔχοντι.

484 1018 528 1075 23.
543 1023 689 1076 ΚΑΙΣΑΡ.

72 1159 87 1209 1
182 1153 314 1235 Καίσαρ
337 1141 382 1224 ῶς
401 1144 579 1234 Νικομήδη
599 1145 713 1215 πλέων
733 1146 811 1236 περὶ
830 1147 980 1216 Μαλέοιν
1004 1141 1068 1215 ὐκῦ

67 1320 70 1326 ,
106 1252 238 1336 ληστῶν
251 1244 321 1335 ήλω
336 1254 499 1317 Κιλίκων.
528 1252 573 1316 οί
583 1248 646 1335 μὲν
659 1246 788 1338 ήτησαν
803 1248 910 1337 λύτρα
923 1247 1067 1336 μεγάλα·

105 1344 175 1419 ῦδδ
187 1348 228 1418 τά
243 1349 400 1419 διπλάσια
417 1351 646 1439 ἐπηγγείλατο.
672 1353 844 1439 Κατίσχον
863 1354 897 1431 ἐς
912 1357 1068 1440 Μίλητον
1081 1382 1085 1421 ι

105 1454 162 1521 καί
181 1458 302 1541 τειχῶν
321 1456 383 1534 ἔξω
403 1461 690 1543 προσωρμίσαντο.
730 1462 864 1542 Καίσαρ
888 1450 1067 1543 Ἐπικράτη

105 1556 276 1645 Μιλήσιον
297 1557 430 1644 οίκίτην
450 1557 572 1645 πέμπει
586 1554 669 1642 πρὸς
683 1562 892 1646 Μιλησίους,
913 1582 1066 1645 παρακα·

105 1664 176 1748 λῶν
187 1658 337 1748 χρήματα
351 1663 576 1729 ἐπιδανείσαι·
591 1664 626 1729 οί
636 1660 674 1729 δὲ
688 1663 889 1749 παραχρῆμα
902 1664 1065 1748 ἔπεμψαν.

99 1759 294 1851 Ἐπικράτης
317 1761 457 1851 ἐντολήν
477 1770 565 1850 ἔχων
585 1760 674 1849 παρά
688 1770 874 1853 Καίσαρος,
894 1758 980 1850 μετά
1000 1766 1066 1830 τῶν

104 1866 282 1951 χρημάτων
295 1864 514 1954 παρασκευήν
535 1861 675 1951 εὐωχίας
694 1864 840 1954 μεγάλης
857 1871 985 1953 κομίζει
1010 1863 1085 1933 καίει

103 1961 227 2054 ὑδρίαν
241 1966 349 2055 πλήρη
370 1969 478 2056 ξιφῶν
505 1970 561 2037 καὶ
582 1966 677 2036 οἶνον
696 1964 914 2060 μανδραγόρᾳ
926 1994 1063 2056 κεκερα·

104 2070 237 2156 σμένον.
258 2077 391 2157 Καῖσαρ
407 2075 509 2139 διπλοῦ
522 2069 562 2139 τά
577 2068 682 2160 λύτρα
695 2084 765 2151 τοῖς
776 2067 1062 2161 λησταίςάποιριθ-

104 2168 209 2257 μήσας
231 2168 428 2260 προύθηκεν
451 2169 563 2253 αὐτοῖς
583 2169 646 2260 τήν
666 2168 827 2260 εὐωχίαν·
850 2176 885 2241 οί
901 2172 939 2242 δὲ
959 2169 1061 2260 ῦπερ·

103 2278 275 2361 χαίροντες
288 2279 335 2367 τῷ
355 2274 479 2363 πλήθει
494 2280 563 2344 τῶν
575 2274 754 2363 χρημάτων
768 2271 927 2363 ῶρμησαν
940 2271 1062 2362 άνέδην

104 2371 323 2462 εὐωχεῖσθαι,
344 2378 401 2446 καὶ
420 2375 479 2446 τὸν
494 2377 591 2446 οἶνον
604 2377 918 2465 πεφαρμακωμένον
931 2377 1085 2455 πιόντεςι

103 2474 388 2567 άπεκοιμήθησαν.
420 2488 573 2570 Καῖσαρ,
593 2479 825 2558 καθεύδοντας
840 2476 1062 2568 ἀναιρεθῆναι

103 2580 281 2667 κελεύσας,
316 2589 506 2672 παραυτίκα
534 2598 604 2663 τοϊς
635 2587 816 2670 Μιλησίοις
841 2578 999 2652 άπέδωκε
1026 2578 1063 2650 τά

62 2726 71 2735 ·
102 2681 262 2769 ιοῦνατα·
863 2740 868 2747 ·

69 2800 85 2851 2
177 2790 310 2871 Καίσαρ
331 2786 368 2852 ἐν
382 2792 531 2878 Γαλατία
544 2785 682 2878 προσῄει
697 2798 769 2866 ταῖς
786 2783 958 2855 Ἀλπεσιν.
984 2782 1061 2875 Ἠγ-

102 2885 184 2975 γίλη
203 2885 429 2974 στρατόπεδον
448 2893 516 2956 τῶν
535 2886 657 2976 ὀρείων
676 2888 860 2979 βαρβάρων
884 2887 943 2970 τὰς
957 2888 1085 2978 παρά-ι

103 2995 183 3069 δους
196 2988 390 3077 φυλάττειν.
413 2985 449 3057 Ὁ
463 2991 500 3060 δὲ
514 2989 576 3081 τήν
590 2990 695 3080 φύσιν
708 2997 777 3062 τῶν
788 2988 945 3063 ’Ἄλπεων
958 3017 1062 3082 παρε-

101 3091 237 3179 φύλαξε.
273 3098 340 3162 Τοῦ
358 3089 457 3182 ῦρους
472 3091 562 3163 κάτω
578 3096 718 3182 ποταμοί
736 3095 855 3165 πολλοὶ
869 3097 1064 3183 διαρρέουσι

100 3196 157 3262 καὶ
180 3194 288 3291 πολλά
308 3199 367 3289 ἕλη
388 3195 592 3285 βαθύνεται·
613 3195 678 3267 άπῦ
699 3197 829 3267 τούτων
841 3193 961 3287 ὁμίχλη
975 3200 1063 3280 ἐξαί-

101 3298 192 3383 ρεται
215 3296 320 3386 πολλή
346 3301 416 3383 (καί
437 3295 504 3389 ἅμα
523 3296 641 3389 αὐγῆς)
669 3297 852 3390 άρχομίνης
871 3304 928 3370 ἕω.
967 3298 1065 3370 Κανά

99 3398 271 3487 τήνδετήν
286 3399 378 3489 ῶραν
391 3411 522 3491 Καῖσαρ
532 3404 630 3491 μέρος
638 3400 740 3491 ήμισυ
747 3406 968 3492 τήςστρατιᾶς
976 3399 1060 3490 άγοι·
1079 3434 1085 3475 ε

99 3499 172 3589 γῶν
191 3502 305 3597 κύκλφ
326 3502 363 3572 τὸ
383 3501 459 3595 ὅρος
471 3504 678 3596 περιήρχετο.
696 3511 742 3577 Ol
751 3505 815 3595 μὲν
826 3503 872 3596 δή
884 3504 1064 3598 βάρβαροι,
