2318 3892
99 178 161 241 236
488 176 674 239 ΒΙΒΛΙΟΝ
1060 31 1071 225 Ι

100 360 183 429 λεως
197 345 467 429 ὑποπτεύσαντες
487 345 627 437 ἀρκαδίζ
628 377 679 419 ειν
611 350 839 437 ζβέβαιον
851 347 1033 439 ἔλεγχον
1002 378 1050 421 ουτ

101 452 201 539 εἷ.χον
248 457 323 525 Τῶν
350 452 387 520 δὲ
408 455 737 539 διαπολιτενομένιυν
762 448 855 545 αύτῷ
880 455 973 535 τινές
992 462 1090 523 πεί
1079 432 1090 505 δ

100 567 224 624 θουσιν
255 559 483 642 ἐπιδημοῦντα
514 555 661 623 Λάκωνα
695 522 923 642 ἐπιλαβέσθαι
949 554 1052 637 παιδὸς
1077 566 1090 627 λ

96 652 292 740 Ἀρκάδος
270 685 313 736 ως
327 659 468 726 οίκέτου.
498 655 740 744 Προελθούσης
765 657 803 725 δέ
822 664 884 746 τής
901 665 999 749 δίκης
1011 660 1051 729 έτλ

99 758 176 839 τοὺς
190 757 369 847 ἀρχοντας,
383 757 420 828 τὸ
434 760 496 848 μὲν
517 764 691 853 πλήθος
659 764 705 828 τά
718 759 857 829 Λάκωνι
874 763 1050 851 συνέπριε·
1078 748 1082 759 ’

99 889 174 947 τεν,
198 889 216 930 ο
204 858 314 930 δὲ
292 865 421 942 Ξενίας
435 867 481 955 τῷ
500 858 647 950 Ἀρκάδι.
681 861 840 942 Στάσεως
862 864 904 934 δέ
926 866 1051 953 γευομέ

67 1694 82 1744 1
168 1673 243 1746 Ὅτι
262 1673 417 1766 Ἀννίβας
442 1681 481 1747 ἐν
502 1681 635 1772 πολέμμ
656 1678 875 1766 φονευθέντος
894 1680 1048 1761 ,Φλαούοη
1069 1689 1090 1735 ⁶⁴

101 1777 218 1865 ἐπειδή
238 1778 277 1848 τὸ
301 1786 396 1868 σῶμα
419 1777 524 1849 αύτού
538 1780 772 1869 προσήνεγκαν
784 1784 819 1849 oc
835 1776 1047 1869 Νομάδεςτσί
1075 1798 1090 1837 ²

101 1880 350 1968 συνεβούλευον
370 1889 574 1968 αἰκίζεσθαι,
596 1879 658 1952 ούκ
679 1885 879 1970 ἐπέτρεψεν,
900 1879 988 1953 ἀλλά
1005 1878 1048 1950 τύτ

100 2010 137 2051 τε
149 1981 258 2070 ἀνδρα
279 1980 323 2063 ὡς
342 1981 475 2070 ἀγαθὸν
494 1982 680 2073 στρατηγὸν
698 1984 863 2073 έπήνεσεν
882 1986 942 2054 καί
953 1982 1047 2055 τάνυ

102 2089 286 2172 νομισμένα
307 2091 349 2173 τῇ
368 2113 458 2174 ταφη
447 2088 663 2166 ἐπιτελέσας
676 2084 759 2177 πρὸς
770 2084 833 2175 τήν
842 2083 973 2177 Ῥεύμην
984 2082 1048 2157 ἀτί
1078 2104 1090 2145 ¹

102 2203 252 2275 πεμψεν,
280 2185 364 2259 ὅθεν
390 2191 446 2258 καὶ
461 2188 590 2279 πολλήν
617 2187 755 2259 εύνοιαν
780 2186 873 2278 παρὰ
895 2186 1050 2313 Ῥωμαίων
1083 2178 1090 2249 Ϊ

102 2290 272 2414 ἐκτήσατο.
1075 2278 1079 2293 ’

68 2406 84 2456 2
172 2390 245 2461 ’Ότι
256 2390 335 2461 Ἀνν
337 2400 412 2479 ίβας
426 2398 542 2462 ἔπειθε
555 2389 633 2473 τούς
652 2388 821 2479 ίδίους,
796 2420 842 2472 τις
856 2397 892 2463 ot
903 2390 990 2465 κατά
1000 2386 1047 2461 πύ-
1086 2387 1090 2408 “

102 2504 204 2584 λεμον
230 2493 384 2582 εὐψύχως
410 2492 684 2584 ἀποθνήσκοντες
709 2493 963 2584 ἀναβιάσκουσι
985 2486 1045 2583 μετ’
1074 2492 1090 2559 ἰ

103 2597 144 2668 ού
164 2596 273 2668 πολύν
294 2598 431 2686 χρόνον,
460 2599 517 2667 καὶ
546 2597 588 2686 δή
614 2598 689 2669 τότε
708 2605 856 2692 γενναίῳ
877 2594 1046 2687 στρατιάτη

102 2706 267 2787 γενναίως
289 2698 495 2770 ἀποθανόντι
524 2697 639 2788 ὅμοιον
665 2697 776 2790 εύροδν
802 2707 917 2771 ἔπεισε
941 2700 1046 2788 λέγειν,
1083 2702 1090 2723 ’

103 2798 148 2882 ὡς
161 2798 179 2871 ὁ
194 2803 456 2890 προτελεντήσας
470 2802 1078 2871 ἐστίν’

67 2916 85 2970 3
170 2900 244 2972 Ὅτι
269 2901 355 2972 κάλ’
350 2914 426 2973 Ανν
427 2911 502 2992 ίβας
522 2902 814 2992 παρατασσόμενος
842 2904 960 2993 ἔταξεν
984 2864 1047 2977 τοδί
1083 2932 1090 2969 ι

103 3002 166 3097 μὲν
186 3008 440 3096 γενναιοτέρους
460 3008 670 3094 ἑκατέρωθεν
689 3013 747 3096 τής
768 3006 958 3094 φάλαγγος,
985 2998 1047 3079 τοδε

61 3128 64 3133 ’
103 3110 140 3180 δὲ
155 3107 419 3198 ἀσθενεστέρους
433 3111 471 3177 ἐν
490 3112 579 3202 μέσῳ
601 3103 984 3198 προύχονταςύπέρτήυ
994 3102 1080 3195 φά·
1087 3156 1090 3173 .

102 3222 229 3299 λαγγα,
254 3215 310 3283 καί
332 3211 550 3303 παράγγελμα
565 3216 709 3295 ἔδωκεν,
730 3207 832 3299 ήνίκα
850 3208 929 3291 πούς
943 3212 1081 3299 μέσους,Ι

102 3312 268 3402 ὠσάμενοι
283 3315 419 3385 διώκειν
434 3318 650 3402 ἐπιχειροῖεν,
673 3313 858 3383 συνάπτειν
876 3311 918 3382 τά
930 3314 1051 3401 κέρατα.

98 3414 142 3486 Ἡ
161 3417 329 3498 κύκλωσις
351 3414 763 3505 αύτηπεντακισμυρίους
785 3422 938 3485 ἔκτεινεν
959 3416 998 3485 ἐν
1020 3415 1053 3501 τῇ
1080 3426 1090 3484 τ’

101 3517 199 3607 μάκει·
1076 3538 1090 3860 ιε
