2318 3892
126 182 185 250 178
216 271 220 277 .
507 185 695 246 BIBAION

72 365 141 448 8(9)
200 357 397 444 Διονύσιος,
418 363 662 448 Καρχηδονίων
682 355 848 442 ἐπιόντων
860 358 970 446 χειρλχ

123 471 194 534 δων
211 461 406 551 τριάκοντα,
431 459 538 531 πολλά
555 459 639 529 κατά
656 458 720 547 την
739 459 851 548 χεόραν
868 460 970 549 ἐρόμο

122 562 970 689 φροόριακατεσκεόμσε,συντάξαςδιαλόεσθαιπρό

120 675 299 758 χηδονίους
324 668 381 736 καί
409 665 467 748 τάς
493 664 644 755 φρουράς
674 662 796 735 αὐτῶν
812 667 970 752 δέχεσθαι

121 774 347 861 Καρχηδόνιοι
362 770 452 840 πάνυ
466 768 617 863 ἀσμένως
637 768 678 838 τά
698 775 804 858 χωρία
822 771 970 860 παρελάμ

121 872 204 943 άνευ
218 875 338 964 μάχης,
361 875 417 942 καὶ
436 869 581 953 πολλοὺς
602 877 672 941 τῶν
685 877 899 997 στρατιωτῶν
914 902 970 964 φρι

120 980 177 1046 καὶ
206 977 359 1067 φύλακας
390 979 427 1045 ἐν
456 975 581 1069 ἑκάστω
605 978 812 1045 κατέλειπον.
856 972 970 1065 Ὁπηνι

121 1089 279 1150 πλεῖστον
292 1085 350 1169 της
368 1079 543 1168 δυνάμεως
561 1077 726 1168 διεσπάρη
741 1077 961 1168 μεριζόμενον

121 1198 194 1269 ραίς
208 1185 264 1251 καλ
277 1191 462 1269 φυλακαῖς,
481 1180 641 1269 τηνικάδε
662 1196 732 1262 τοϊς
743 1177 942 1262 ὑπολοίποις
957 1226 970 1252 ι

118 1303 189 1364 σιος
203 1286 401 1372 ἐπιθέμενος
415 1285 581 1372 ἐνίκησεν.

70 1386 155 1476 9(ι())
201 1386 382 1467 Διονύσιος
396 1386 622 1474 χειρώσασθαι
638 1385 842 1475 βουλόμενος
859 1383 969 1476 Ἱμέρα

119 1490 182 1595 μὲν
194 1489 272 1570 τους
282 1486 463 1579 Ἱμεραίους
478 1495 597 1577 φιλίαν
605 1492 781 1575 συνέθετο,
791 1488 872 1577 πρὸς
887 1490 924 1559 δέ
939 1518 970 1559 τι

120 1601 195 1663 σίου
221 1590 334 1663 αὐτοῖν
361 1599 548 1718 πολίσματα
569 1591 716 1680 πόλεμον
736 1592 930 1682 ἐξήνεγκεν·
964 1623 970 1662 ι

119 1695 418 1822 στρατοπεδεύσας
437 1693 478 1764 οὐ
503 1693 636 1784 μακράν
663 1700 721 1783 τῆς
743 1691 886 1786 Ἱμέρας,
914 1699 970 1765 ἐπε

119 1799 235 1869 κεόετο
260 1797 343 1888 πρὸς
361 1795 440 1878 τοὺς
466 1801 504 1867 ἐν
523 1811 591 1878 τοις
613 1804 825 1886 πολίσμασιν.
863 1795 970 1888 Ἱμερα

119 1904 213 1990 μέχρι
233 1905 361 1971 πολλοῦ
373 1901 436 1988 μὲν
448 1915 517 1979 τοῖς
530 1901 745 1989 στρατιώταις
758 1898 864 1970 αὐτοῦ
877 1898 970 1989 τηνά

104 2012 287 2090 ,ἔπεμπον
324 2000 441 2091 ἐπειδη
478 2004 516 2072 δὲ
552 2001 676 2090 χρόνον
705 2004 879 2093 προδόντος
911 2011 970 2095 δῆλ

118 2103 222 2175 οὐδέν
253 2104 427 2194 πράττων,
461 2101 662 2192 ὑπιδόμενον
698 2106 844 2194 δνναμιν
875 2118 970 2196 τηλικ

118 2207 749 2297 παραστρατοπεδεόουσαν,·πέμποντες
762 2208 824 2300 τὴν
836 2207 966 2299 άχοράν

117 2334 230 2380 σαντο.
275 2310 471 2395 Διονύσιος,
501 2318 624 2399 ἐχθρας
644 2309 751 2401 άρχὴν
765 2313 970 2401 ,ποιησάμενι

118 2419 253 2483 ἔνδειαν
266 2411 364 2482 δῶκ’
347 2441 476 2500 αναχκα
479 2419 557 2499 ίων,
572 2441 654 2503 ηκεν
674 2413 782 2484 ἐπί
747 2443 808 2504 την
824 2411 956 2506 Ἱμέραν

117 2519 226 2586 καὶί
187 2522 237 2607 βί
225 2545 246 2585 α
259 2514 461 2604 προσβαλών
475 2515 628 2598 ἐξεῖλε
593 2545 654 2606 την
669 2516 778 2586 πόλιν.

66 2621 166 2701 1001)
192 2622 374 2698 Διονύσιος
401 2616 480 2699 τούς
498 2621 745 2707 πρεσβυτέρους
770 2624 839 2689 τοῖν
867 2641 970 2708 στρατ

116 2717 205 2844 άπομ
207 2726 327 2799 ίσθους
340 2720 495 2808 ἐβούλετο
506 2742 656 2810 ποιησαι
673 2725 708 2790 oc
720 2718 788 2791 δέ’
769 2723 970 2810 ηχανάκτουι

116 2848 219 2890 αυτον
228 2822 285 2889 καὶ
303 2848 333 2890 οι
327 2818 454 2907 νέοι,
431 2850 474 2901 ως
487 2820 644 2908 άδικον,ε
628 2822 840 2913 είχηρῶντες
851 2826 970 2914 ἐκβάλλ

111 2920 147 2991 0
173 2923 228 3008 66,
248 2921 308 2991 τὸν
326 2923 479 3010 θόρυβον
505 2922 643 3011 μαθων,
668 2924 873 3013 συναγαγών
899 2931 970 2998 ἐκκι

115 3023 315 3114 ἀναχορεύει
331 3021 462 3093 τάδε·
463 3020 567 3104 Τούς
589 3027 652 3114 μὲν
671 3030 856 3118 νεωτέρους
878 3030 966 3109 ἐς
930 3058 969 3101 το

117 3134 224 3196 δυνου
249 3132 308 3215 τῆς
333 3125 437 3215 μάχης
458 3125 582 3212 τάττω,
612 3125 690 3207 τούς
715 3128 753 3198 66
776 3124 970 3221 πρεσβυτέρι

114 3228 173 3308 τάς
189 3229 342 3315 φυλακάς
359 3235 429 3298 τῶν
451 3230 600 3316 χωρίων,
621 3240 698 3317 ίσην
715 3230 874 3316 σύνταξιν
887 3244 970 3323 λαμχξ

113 3353 187 3413 τας·
219 3347 340 3420 πείραν
366 3328 430 3419 γάρ
450 3339 592 3411 πίστεως
618 3333 818 3421 δεδωκότες,
847 3340 970 3425 ἐπιμελ

113 3442 219 3521 χωρία
237 3434 423 3522 φυλάξουσι
445 3435 501 3503 καλ
519 3435 726 3523 πουήσουσιυ
745 3445 891 3508 ἔλαττον.
899 3437 917 3465 ”
945 3439 970 3509 Ἵ

113 3557 179 3606 σαν
191 3542 226 3605 oc
236 3542 434 3625 στρατιῶται
445 3534 583 3623 πάντες,
603 3539 660 3608 καὶ
673 3530 882 3630 διῃρέθησαν
896 3540 959 3613 ἀπ’
