2318 3892
385 215 618 276 ΔΕΥΤΕΡΟΝ.
941 213 982 282 ,69
1012 226 1038 273 .·

43 390 72 459 αὶ
101 384 290 475 στεφάνους
319 386 432 467 ἐλαίας
459 389 684 475 περιθέσθαι,
708 388 762 456 καὶ
792 390 885 476 ξίφος
914 383 981 456 ὑπό

43 492 123 581 ἀλης
136 497 272 580 ἔχοντας
286 491 438 558 ἕπεσθαι.
466 487 577 570 Αύτός
589 489 652 577 μέν
666 487 708 579 δὴ
722 490 847 579 γυμνός
861 496 981 582 ἐξῆλθε

43 595 131 688 ρόμφ
159 596 290 686 πολλῶ·
319 583 365 660 οἱ1
383 591 431 661 δὲ
450 588 623 680 ἡλικιῶται
653 595 776 682 γυμνοί
802 599 979 670 συνέθεον.

43 703 97 766 ’ῶν
118 695 156 766 δέ
179 700 340 784 Θηβαίων
365 690 434 764 ὑπό
455 700 517 764 τοῶ
542 694 704 784 σχήματος
725 692 980 786 ἀπατηθέντων,
1104 720 1112 729 ·

43 801 73 869 αδ
93 794 244 886 γυμνούς
265 797 321 865 καί
341 803 516 880 παίζοντας
536 799 745 886 δεξαμένων,
771 803 807 867 οί
821 799 981 882 Λάκωνες

43 899 56 969 ἀ
73 903 152 988 ξίφη
166 898 374 987 σπασάμενοι
387 896 465 979 τούς
476 899 539 988 μὲν
552 897 753 970 ἀπέκτειναν
766 897 889 990 αύτῶν,
903 902 981 985 τούς

43 1001 58 1074 δ
74 1005 230 1092 ἐξέβαλον
238 1053 248 1089 ,
264 1002 321 1071 καὶ
334 999 371 1070 τό
385 1001 518 1072 Γύθιον
531 1000 627 1073 αὐτοὶ
640 1004 812 1092 κατέσχον.

291 1335 293 1337 ¹
331 1243 375 1305 1⁰.
393 1248 665 1307 ΚΛΕΑΝΔΡῙΔΑΣ.

90 1412 341 1498 Κλεανδρίδας,
361 1408 416 1477 ἐπὶ
433 1408 575 1498 Τέριναν
591 1405 730 1497 ἀφανῶν
746 1406 808 1499 τὴν
820 1407 979 1501 στρατιάν
997 1429 1012 1480 l

43 1509 99 1583 δὸν
112 1518 248 1599 κοίλην,
268 1506 380 1600 λάθρα
393 1526 599 1599 προσπεσεῖν
613 1515 805 1600 ἐπεχείρησε
829 1527 898 1593 τοῖς
917 1522 977 1584 Τε-

47 1621 177 1695 ναίοις·
192 1617 227 1684 οί
240 1612 294 1699 δὲ,
308 1611 571 1702 προαισθόμενοι
586 1611 632 1683 δι’
645 1611 858 1702 αὐτομόλων,
873 1615 977 1685 σπεύ-

43 1744 135 1796 ιντες
162 1717 216 1786 ἐπὶ
242 1713 304 1804 τὴν
333 1711 414 1785 ὁδὸν
440 1711 526 1805 ὑπέρ
553 1720 701 1805 κεφαλῆς
730 1717 886 1803 ἐγένοντο
918 1722 979 1788 τοῦ

43 1824 262 1909 λεανδρίδον.
313 1813 348 1885 ‘0
382 1817 443 1906 δέ,
484 1822 552 1888 τῶν
590 1822 805 1910 στρατιωτῶν
837 1814 979 1908 ἀθύμως

43 1921 178 2009 ;όντων,
198 1932 344 2008 θαρρεῖν
358 1917 485 2001 αύτούς
504 1919 664 2002 κελεύσας
683 1919 744 1991 τόν
764 1920 896 2010 κήρυκα
922 1920 979 1992 διά

43 2032 69 2116 ξς
83 2030 239 2114 στρατιάς
252 2016 329 2114 ἦγε,
350 2023 534 2113 προστάξας
554 2021 721 2113 ἀναβοᾶν,
743 2020 801 2105 ‘⁸09
820 2019 864 2093 ἀν
882 2032 977 2113 Τερι-

43 2134 123 2198 ιίων
136 2128 172 2196 τό
188 2126 346 2216 σύνθημα
354 2127 435 2217 λέχη
447 2125 485 2195 τό
498 2134 731 2216 προκείμενον,
744 2132 863 2197 τοῦτον
877 2132 980 2218 φίλον

43 2240 188 2318 χεῖσθαι.
212 2227 430 2309 Ἀκούσαντες
443 2234 479 2298 οί
494 2238 663 2318 Τεριναῐοι
676 2234 737 2299 τού
749 2227 979 2317 συντάγματος

43 2332 173 2412 τόπτως
187 2337 303 2418 ἔσχον,
319 2326 364 2410 ῶς
381 2328 423 2419 δὴ
436 2335 534 2418 σφῶν
550 2329 661 2402 αύτῶν
676 2327 775 2411 όντας
788 2329 882 2410 τινάς
894 2355 982 2426 προ-Δ

43 2436 132 2520 ότας,
158 2435 214 2501 καὶ
234 2435 348 2514 ἔδοξεν
366 2429 479 2512 αὐτοῖς
500 2430 563 2521 τὴν
582 2438 740 2522 ταχίστην
757 2430 978 2520 ἀπαλλαγεῖσι

43 2536 201 2607 υλάττειν
213 2532 276 2622 τὴν
290 2533 400 2603 πόλιν.
430 2539 476 2603 OC
484 2533 547 2621 μὲν
565 2535 829 2623 ἐξαπατηθέντες
846 2530 976 2622 ἀπεχῶ·

43 2669 111 2710 ινν.
145 2641 378 2726 Κλεανδρίδας
393 2635 431 2705 δὲ
448 2631 638 2717 ἀκινδύνως
652 2633 855 2725 ἀνεβίβασεν
868 2638 924 2707 έπί
937 2634 979 2707 τά
1045 2649 1048 2654 ’

43 2738 129 2830 βηλά
154 2737 218 2829 την
241 2736 417 2828 στρατιάν,
444 2739 502 2808 καί
532 2742 668 2831 προσέτι
695 2739 899 2830 λεηλατήσας
916 2738 978 2829 την

43 2844 128 2934 όραν
144 2840 303 2930 ἀσφαλῶς
315 2837 501 2930 ἀπηλλάγη.

57 2983 64 3005 ι
91 2950 335 3034 Κλεανδρίδας,
349 2950 506 3033 Θουρίων
519 2938 719 3031 ἡγούμενος,
739 2941 826 3032 μάχη
839 2940 978 3030 νικήσας
995 2967 1012 3019 2

43 3046 222 3136 ἐνκανούς,
236 3044 318 3135 μετά
331 3044 392 3136 τὴν
405 3052 505 3135 νίκην
516 3037 578 3132 ἦγε
592 3043 670 3124 τούς
680 3050 848 3134 Θουρίους
855 3044 911 3112 ἐπὶ
918 3039 979 3113 τόν

43 3153 119 3222 ἶπον
131 3155 189 3239 τῆς
202 3149 323 3239 μάχης,
346 3147 514 3219 δεικνύων
527 3143 658 3232 αύτοίς,
672 3143 723 3217 ότι
737 3144 833 3217 αύτοί
846 3144 925 3234 μὲν,
940 3147 978 3216 έν

43 3260 61 3337 β
82 3250 175 3346 αύτῷ
195 3259 388 3342 μείναντες,
409 3248 467 3320 διά
479 3253 576 3343 τούτο
589 3251 764 3336 ἐνίκησαν,
783 3251 818 3318 ol
827 3249 978 3337 πολέμιοι
1062 3332 1068 3340 ι

43 3460 143 3544 ένειν,
157 3455 242 3529 ἀλλά
253 3455 467 3526 διεσπάσθαι.
493 3459 604 3524 Ταῦτα
618 3451 798 3536 διεξιόντος
807 3449 889 3544 πρὸς
903 3450 981 3535 τούς

43 3567 206 3654 ὀνρίονς,
234 3557 450 3649 ἐπεφάνησαν
470 3560 505 3627 οί
520 3557 689 3628 Λευκανοί
707 3559 821 3651 πολλῶ
842 3560 981 3628 πλείονα
1063 3587 1067 3595 ·
