2318 3892
7 152 8 156 ‘
120 170 179 233 112
505 169 688 230 BIBA10N

118 353 287 434 ἔγκαρπον
300 338 391 430 ὁρῶν
403 339 465 431 τήν
479 347 601 430 νήσου,
617 340 738 424 ἐξελῶν
752 349 877 429 χωρίον
894 350 943 425 είς
956 370 1075 432 προνο-

117 447 201 538 μήν,
227 451 294 516 τῶν
320 442 433 514 ἄλλων
459 442 608 532 καρπούς
634 443 856 533 ἀποδόμενος,
890 444 1077 536 ἀσφάλειαν
1109 498 1111 506 ·

117 569 186 632 τοῖς
212 548 432 635 καρπολόγοις
455 548 652 637 παρασχὼν,
688 546 875 638 εὐπορήσας
900 550 1077 640 χρημάτων

118 653 183 724 άπὸ
197 653 343 735 τούτων,
357 654 456 740 μέρος
470 657 538 720 τῶν
553 656 688 739 μισθῶν
701 657 885 740 διανείμας,
900 666 1076 742 προθυμο-

117 762 224 844 τέροις
238 755 443 857 χρησάμενος
456 770 523 834 τοῖς
537 752 752 841 στρατιώταις
775 754 859 826 κατά
877 757 999 845 κράτος
1013 752 1095 826 εἷλει

117 859 179 951 τήν
193 866 335 947 Σαμίων
349 857 458 928 πάλιν.
517 916 522 929 .

68 991 101 1042 10
199 961 379 1051 Τιμόθεος,
401 965 591 1046 πολιορκῶν
609 960 745 1047 Σάμον,
765 962 837 1029 ἐπεὶ
860 963 980 1031 πολλοὶ
993 964 1077 1044 ξένοι

119 1069 329 1144 εἰσπλέοντες
356 1061 462 1151 συχνοὶ
492 1069 561 1132 τῶν
588 1066 789 1151 ἐπιτηδείων
816 1061 1001 1152 ἀνήλισκον
1027 1066 1079 1135 καὶ

21 1188 26 1200 ·
119 1168 176 1241 διὰ
189 1173 287 1237 τοῦτο
301 1166 421 1246 σπάνις
439 1157 497 1254 ἦν,
519 1166 722 1256 παρήγγειλε
736 1164 782 1254 μή
793 1175 922 1237 πωλεῖν
936 1164 1079 1256 ἄλευρον

118 1273 204 1362 μηδὲ
217 1269 364 1358 κοτύλην
377 1263 523 1358 ἑλαίουή
536 1279 651 1354 οίνον,
674 1266 759 1338 ἄλλά
773 1276 870 1339 σίτου
884 1271 969 1360 [μὲν]
985 1277 1077 1359 μεδί-
1092 1300 1108 1340 ο

118 1403 206 1465 μνον
234 1372 280 1462 μή
298 1379 452 1457 ἔλαττον,
472 1377 541 1440 τῶν
558 1372 596 1441 δέ
618 1367 733 1459 ὑγρῶν
745 1372 912 1463 μετρητήν
925 1371 1079 1462 τούλάχι-

118 1501 215 1560 στον,
229 1475 287 1555 τὰς
307 1476 344 1545 δὲ
367 1472 564 1561 σιτονργούς
577 1474 683 1563 μύλας
702 1479 831 1564 μηδένα
845 1483 952 1565 ἔχειν,
972 1473 1082 1566 ήτούς

117 1586 156 1654 έν
178 1580 295 1667 λόχοις.
332 1575 431 1647 Ούτω
451 1577 495 1667 δή
516 1578 644 1667 συνέβη
664 1575 742 1658 τούς
771 1579 834 1667 μὲν
860 1582 994 1668 ξένους,
1021 1578 1082 1650 ούπ

118 1694 253 1775 ἔχοντας
267 1680 328 1770 τήν
342 1678 469 1770 ἀγοράν
482 1686 551 1751 τῶν
565 1678 624 1769 ἐφ’
641 1678 767 1771 ἡμέραν
780 1679 994 1771 ἀναγκαίων,
1022 1681 1082 1753 αύ-

118 1802 188 1868 τοῖς
213 1793 377 1874 κομίζειν,
405 1782 467 1873 τήν
495 1785 533 1854 δὲ
558 1783 775 1874 παρασκευήν
794 1791 864 1858 τῶν
881 1793 1002 1857 σιτίων
1021 1787 1081 1876 μό·
1095 1818 1112 1859 ο

120 1918 201 1970 νους
214 1881 456 1958 ἀναλίσκεσθαι
469 1886 547 1967 τούς
560 1888 773 1976 στρατιῶτας.

71 2017 101 2068 ll
201 1990 380 2078 Τιμόθεος,
400 1995 484 2068 ναῦς
497 1997 584 2078 ἔχων
596 1991 863 2078 τεσσαράκοντα,
878 1991 1084 2081 βουλόμενος

120 2093 187 2164 άπὸ
199 2098 329 2164 τούτων
342 2093 442 2162 πέντε
455 2096 648 2182 προπέμψαι
662 2090 973 2184 πλειόνωνήμερῶν
987 2096 1085 2183 ἐχού-

120 2220 180 2278 σας
206 2195 341 2285 έφόδια,
369 2192 494 2282 μισθὸν
515 2192 578 2265 ούκ
600 2202 688 2284 ἔχων
707 2203 842 2283 δοῦναι,
865 2197 1084 2287 παράγγελμα

120 2307 264 2385 ἔδωκεν,
297 2296 485 2386 ἀνάγεσθαι
512 2296 570 2379 τάς
594 2303 678 2379 ναῦς
705 2296 835 2381 ἁπάσας
859 2305 965 2388 τριῶν
994 2309 1111 2372 σιτίον

1 2488 2 2492 ¹
57 2443 60 2451 ·
120 2404 273 2492 ἐχούσας·
288 2402 361 2471 ἐπεὶ
377 2402 414 2471 δὲ
427 2401 517 2496 νήσω
532 2403 598 2471 τινὶ
613 2411 899 2492 προσωρμίσαντο,
912 2418 1082 2494 τοίςτριη-

121 2507 255 2597 ράρχοις
290 2507 467 2576 ἐκέλευσεν
503 2507 536 2588 έξ
567 2505 708 2576 ἑκάστου
739 2505 959 2595 πληρώματος
993 2503 1085 2601 αύτῷ

119 2619 254 2697 κομίσαι
269 2609 331 2678 δύο
352 2615 452 2676 σιτία.
495 2613 606 2678 Ταύτα
618 2624 691 2689 ταῖς
704 2612 804 2680 πέντε
817 2610 918 2679 ναυσὶ
932 2609 1083 2696 διαδούς,

119 2711 178 2793 τάς
190 2712 252 2799 μὲν
267 2713 451 2796 ἐξέπεμψεν
464 2711 619 2781 πλεόνων
634 2708 770 2801 ήμερῶν
782 2714 976 2801 ἐπισίτισμα
989 2712 1083 2802 ἐχού-

120 2837 198 2901 σας,
227 2810 327 2893 αύτὸς
347 2813 385 2881 δὲ
404 2811 486 2899 μετά
507 2818 575 2883 τῶν
593 2814 771 2903 τριάκοντα
794 2819 851 2885 καὶ
871 2818 973 2887 ’πέντε
996 2823 1110 2888 νεῶνν

122 2925 169 3001 είς
182 2915 242 2988 τὸν
257 2922 292 2987 ίδ
295 2943 347 2985 ιον
360 2912 466 3003 ὅρμον
480 2912 682 3005 ἐπανῆλθεν.
1120 2996 1122 3003 Ι

73 3039 104 3091 12
204 3021 386 3109 Τιμόθεος,
406 3035 592 3106 ναυμαχεῖν
608 3023 740 3107 μέλλων
753 3021 830 3106 περὶ
843 3021 1006 3092 Λευκάδα
1018 3031 1083 3093 Νι·

121 3125 248 3218 κολόχμ
269 3129 317 3217 τῷ
331 3122 547 3211 Σπαρτιάτῃ,
573 3127 643 3192 τῶν
662 3124 726 3212 μὲν
745 3122 914 3194 πλειόνων
933 3131 1025 3195 νεῶν
1047 3122 1086 3195 τὰ

121 3226 325 3316 πληρῶματα
347 3224 572 3313 παρήγγειλεν
592 3221 647 3295 έπλ
664 3233 725 3316 γής
742 3223 981 3298 άναπαύεσδαι
1002 3224 1082 3314 παρ’

121 3328 207 3422 αὐτή
218 3335 260 3418 τῇ
278 3328 441 3417 θαλάσση.
484 3337 560 3408 Ταῖς
577 3328 614 3398 δὲ
629 3326 746 3419 άριστα
763 3329 943 3411 πλεούσαις
958 3342 1117 3405 είκασινε

122 3485 351 3499 w—

190 3562 258 3626 Gap.
279 3561 320 3613 10.
356 3565 382 3626 ς.
403 3561 444 3612 10.
482 3561 523 3612 Cf.
540 3562 652 3616 Aristot.
670 3563 815 3620 Oeconom.
833 3567 864 3629 2,
879 3565 923 3616 24.
