2318 3892
382 201 613 263 AETTEPON·
938 200 978 264 83
1001 236 1005 245 ·

45 397 138 451 αντες
161 369 221 443 τὸν
244 368 381 463 νόμον.”
422 372 540 444 Θάσιοι
564 380 669 446 ταῦτα
694 372 896 458 ἀκούσαντες
917 379 974 446 καὶ

45 474 78 546 δν
105 474 211 565 νόμον
235 484 360 560 ἔλυσαν
385 478 441 546 καὶ
457 475 518 548 τὸν
532 473 753 568 Ἡγητορίδην
777 485 867 549 σῶον
894 476 977 569 ἐφύ-

45 582 132 661 κξαν.

386 759 429 815 34.
448 762 610 815 ΔΕΙΝΙΑΣ.

97 894 236 981 Δεινίας
259 894 484 974 Τελεσίππαν,
506 896 664 978 Φεραῖος,
686 890 726 959 ἐν
743 893 903 978 Κρανῶνι
920 894 978 978 τῆς

45 998 201 1071 ἐτταλίας
216 996 331 1080 διῆγε,
352 990 513 1080 θηρεύων
532 988 593 1061 ὅσα
607 993 645 1061 ἐν
659 997 790 1079 λίμναις
803 993 859 1060 καὶ
873 1018 975 1062 ποτα-

45 1110 93 1176 οῖς
108 1092 255 1185 ὀρνίθια.
279 1092 359 1164 Ἀπδ
371 1092 526 1165 τοιούτου
546 1101 625 1184 βίου
645 1097 820 1183 προῆλθεν
840 1091 896 1165 ἐπὶ
915 1123 974 1164 τυ-

45 1204 161 1268 αυνίδα
182 1195 238 1267 διὰ
256 1198 377 1287 ταύτης
394 1203 453 1288 τῆς
474 1200 600 1287 τέχνης.
641 1202 687 1266 Οί
700 1197 893 1287 Κρανῶνιοι
914 1197 976 1288 τῆν

45 1300 174 1391 υλακῆν
185 1306 243 1391 τῆς
257 1301 384 1383 πόλεως
399 1300 624 1391 ἀπεμίσθουυ.
650 1295 686 1368 Ὁ
701 1300 737 1369 δὲ
750 1308 890 1382 Δεινίας
903 1306 974 1392 ε’μι-

45 1403 191 1492 θῶσατο,
213 1406 270 1474 καὶ
289 1407 384 1495 μέχρι
399 1411 504 1492 τριῶν
522 1409 609 1475 ίτῶυ
621 1401 864 1494 ἀκριβεστάτην
881 1408 973 1474 ἐποι-

46 1536 83 1577 το
104 1507 166 1597 τῆν
185 1506 360 1597 φυλακῆν,
382 1504 467 1577 ῶστε
485 1505 544 1589 τάς
564 1505 688 1587 νύκτας
710 1506 796 1576 εἶναι
809 1512 879 1577 τῶν
892 1503 972 1597 ῆμε-

45 1616 87 1680 ῶν
106 1609 355 1701 ἀσφαλεστέρας
375 1625 445 1692 τοῖς
464 1607 550 1701 ἀωρὶ
567 1614 769 1698 βαδίζουσιν.
798 1607 972 1681 Ἐπαιυού-

45 1741 115 1793 ενος
142 1716 197 1783 ἐπὶ
222 1713 353 1792 τούτοις
378 1710 507 1782 ἀείκαὶ
527 1719 684 1791 πλείονας
705 1719 973 1802 προσεμισθούτο

45 1816 187 1901 ύλακας,
203 1811 247 1895 ῶς
260 1820 386 1903 μᾶλλον
402 1810 615 1905 εὐδοκιμοίη,
632 1812 695 1904 τῆν
708 1813 864 1905 φρουρὰν
879 1821 970 1905 ίσχυ-

45 1921 158 2006 ιτέραυ
178 1917 387 2008 ποιούμενος.
423 1924 489 2007 Τῆς
509 1918 547 1989 δὲ
567 1917 696 1998 πόλεως
716 1916 778 2008 τῆν
799 1923 860 1989 τού
879 1925 973 1990 σίτου

45 2020 160 2109 εκάτην
176 2018 447 2112 ,ἀπομισθούσης,
466 2019 617 2111 ἀδελφὸν
630 2016 736 2091 αύτού
755 2020 921 2107 νεῶτερον
933 2020 974 2092 τδι
996 2064 998 2068 ·

45 2127 90 2212 ’λη
111 2131 241 2215 καθῆκε
263 2125 538 2215 μισθωσόμενον,
565 2121 736 2216 ύπεράρας
749 2131 797 2206 είς
812 2124 899 2195 πολύ
910 2124 974 2214 τῆν

45 2227 190 2315 ρόσοδου.
231 2226 330 2298 Οὕτω
355 2227 398 2318 δῆ
416 2227 477 2299 τδν
496 2225 648 2318 ἀδελφὸν
670 2228 893 2317 δεκατηλόγον
915 2234 973 2316 τῆς

45 2329 121 2419 ύρας
134 2328 310 2415 ἀποδείξας
324 2333 381 2401 καὶ
397 2330 543 2412 πολλούς
555 2337 753 2411 νεανίσκους
769 2329 973 2418 ἀκμάζοντας

45 2441 197 2522 ’χειρίσας
210 2431 322 2528 αύτῷ,
337 2437 538 2524 περιπόλους
550 2439 620 2503 τῶν
632 2439 766 2523 χωρίων
779 2434 834 2502 καὶ
849 2441 970 2502 συλλο-

45 2539 89 2617 ἵας
111 2542 180 2608 τῶν
193 2539 466 2626 δεκατευομίνωυ
480 2541 635 2626 καρπῶν,
658 2537 771 2624 ἕορτῆς
787 2533 891 2624 ούσης
903 2539 973 2604 τῶν

45 2642 232 2728 ιλουμὲυων
246 2637 419 2728 Ἰτωυίεον,
444 2643 482 2711 ἐν
502 2629 524 2730 ᾖ
547 2639 669 2720 πάντες
681 2637 875 2727 Κρανῶνιοι
893 2646 970 2708 παί-

46 2763 143 2830 υσιν,
163 2741 325 2833 ἀναμίξας
344 2759 414 2824 τοῖς
436 2745 473 2815 ἐν
490 2747 532 2834 τῆ
549 2742 645 2813 πόλει
665 2741 789 2829 φύλαξι
811 2741 891 2822 τούς
904 2738 969 2812 ἀπδ

45 2852 68 2933 ῆς
83 2846 212 2928 πόλεως
230 2847 394 2933 τελώνας,
415 2848 473 2917 καλ
492 2845 661 2936 νῆφουτας
678 2845 855 2935 ἐπιστήσας
869 2851 968 2915 οίνω-

45 2952 140 3036 ἔυοις,
160 2957 296 3031 πλείους
310 2957 427 3040 χιλίων
442 2956 578 3031 πολίτας
591 2947 790 3028 ἀποκτείνας
808 2948 972 3036 τύραννος

45 3060 224 3141 ραυωνίωυ
237 3055 380 3142 ἐγίνετο.

396 3232 437 3288 35.
456 3234 583 3291 ΝΙΚΩΝ.

86 3368 208 3430 Νίκων
221 3358 389 3449 πειρατῆς,
403 3363 441 3430 ίκ
453 3364 576 3450 Φερῶν
586 3364 656 3430 τῶν
668 3360 707 3428 ἐν
719 3356 970 3448 Πελοποννήσῳ

45 3470 159 3553 ινεχῶς
171 3460 378 3552 ὁρμώμενος,
395 3461 500 3534 πολλὰ
514 3467 712 3552 Μεσηνίους
727 3458 846 3551 ῆδίκει.
869 3455 965 3547 Ἇηῆ·

45 3596 128 3657 ιχος,
165 3573 353 3658 Μεσηυίων
383 3565 581 3659 στρατηγὸς,
616 3563 756 3656 λοχήσας
781 3559 886 3634 αύτδν
910 3563 966 3632 καί

768 3680 815 3742 6*
