2318 3892
148 171 209 237 168
415 251 417 254 ¹
534 171 720 232 mmm

125 350 128 355 ’
147 347 210 436 μέν
223 345 278 415 ἐπὶ
290 340 353 433 τὴν
368 338 539 431 διωρυχην
552 348 791 432 καταβαίνειν,
810 337 857 424 οδς
871 345 1107 433 ἐργαζομένους
1142 383 1151 436 η

149 447 209 538 δὴ,
229 449 285 519 καὶ
305 445 567 536 προκαλύμματα
587 443 820 535 ὑπερέτεινεν,
840 442 885 526 εδς
906 448 1107 536 βουλόμενος
1136 483 1151 538 μ

150 548 351 622 λανθάνειν·
375 547 415 618 τά
438 549 475 619 δέ
488 540 531 636 ἦν
551 547 616 638 άρα
631 548 762 637 φανερά
776 564 845 631 τοῖς
857 555 1034 641 πολεμίως
1049 547 1106 621 άπό
1134 584 1151 625 α

149 659 218 723 τῶν
231 647 470 740 τειχῶνόράσι.
485 649 633 741 Νύκτωρ
643 653 680 722 δέ
694 653 847 723 ἐκέλευσε
859 651 938 732 τούς
949 651 1104 743 στρατιά

149 783 208 836 τας
221 753 287 824 άπὸ
295 759 443 825 σταδίων
456 750 575 849 όκτώἢ
590 756 671 825 δέκα
681 761 719 825 έκ
732 782 822 835 τινος
829 755 1103 845 βαδιίαςφάραγ·

150 887 209 947 γος
237 855 494 947 ἀνακομίζοντος
511 863 594 945 χούν
620 857 843 947 μεταβάλλειν
866 855 932 947 πρδ
952 863 1017 929 τοῦ
1037 858 1103 929 στό·

151 988 253 1051 ματος
265 966 334 1030 τῶν
355 958 571 1050 ὀρυγμάτων·
596 955 670 1031 ἐπεὶ
685 960 723 1030 δέ
737 957 841 1041 πολύς
854 966 934 1049 χοῦς
954 958 1105 1050 ἐγήγερτο
1134 993 1151 1049 μ

152 1061 323 1152 σωρηδὸν,
348 1060 428 1152 μεθ’
453 1060 583 1153 ἡμέραν
606 1069 641 1133 οί
655 1061 721 1134 άπδ
739 1068 810 1133 τῶν
827 1069 950 1151 τειχῶν
970 1060 1105 1155 ὁρῶντες
1135 1095 1149 1136 τ

151 1171 266 1250 τοῦτο,
282 1162 390 1235 έκεῖνο
405 1163 622 1250 ἐπίστευσαν,
643 1163 686 1246 ὡς
702 1163 832 1255 ἡπόλις
849 1165 1011 1237 κάτωθεν
1029 1162 1105 1237 ὑπο·
1136 1200 1145 1237 τ

152 1266 332 1358 ρύρνκται.
357 1258 466 1347 Οὗτος
479 1262 615 1356 ὁμόβος
630 1275 764 1339 ἔπεισεν
772 1266 1106 1358 αύτοάςπαραδοῦυκι
1137 1283 1151 1342 Ε

153 1368 360 1464 Φιλίππῳ
324 1398 386 1459 την
399 1369 509 1440 πόλιν.
529 1368 688 1461 Ὕστερον
702 1370 800 1442 δὲ
741 1399 826 1460 ,την
839 1368 971 1461 ἀπάτην
982 1371 1106 1462 μαθόν-
1140 1405 1151 1445 ε

125 1489 127 1492 ’
152 1500 223 1560 τες,
239 1471 393 1543 πολλά
358 1502 420 1562 την
434 1469 545 1543 αύτοδν
558 1472 677 1545 άνοιαν
690 1472 937 1562 κατωδύροντο

119 1607 182 1658 χ
228 1582 395 1657 Φίλιππος
412 1583 627 1666 Δημητρίου,
647 1582 803 1666 πολεμων
821 1574 966 1670 Ἀττάλιμ
984 1583 1109 1665 βασιλεῖ

154 1681 211 1751 καί
229 1675 382 1764 Ροδίοις,
408 1677 597 1769 ἀποδράναι
625 1679 709 1750 κατά
735 1679 907 1751 θάλατταν
920 1677 1108 1805 βουλευσά-
1121 1608 1149 1873 X

153 1809 270 1870 μενος,
296 1779 483 1871 αύτόμολον
508 1781 697 1870 Αίγύπτιον
723 1779 936 1871 ἔπεμψεν,“
916 1810 954 1864 ος
978 1779 1110 1871 ηγγειλε

154 1898 223 1964 τοις
236 1881 444 1973 πολεμίοις’
425 1912 475 1954 οτι
495 1885 777 1974 παρασκευάζοιτο
796 1890 1097 1974 διαναυμαχεῑν”
1059 1912 1112 2009 της

154 1981 295 2075 ὑστεραί
294 2005 348 2066 ας·
369 1987 426 2055 καὶ
446 1985 503 2055 διά
516 1988 637 2068 νυκτός
658 1986 750 2076 πυρά
764 1986 872 2058 πολλά
889 1983 1095 2077 ἔκαυσεν,
1073 2014 1112 2066 ως
1134 1884 1151 2153 1

154 2115 213 2212 της
229 2093 383 2213 στρατιάς
403 2089 577 2178 μενούσης.
617 2091 750 2160 Τῶνδέ
771 2089 913 2180 ἀμφὶ
880 2119 940 2162 τον
951 2087 1113 2160 ’Ἄτταλον

155 2188 195 2261 τά
217 2189 299 2280 πρὸς
318 2220 380 2280 την
398 2199 588 2279 ναυμαχίαν
608 2195 953 2283 παρασκευαζομένων
977 2194 1039 2263 καί
1055 2220 1113 2282 την
1125 2158 1151 2433 ⁴

155 2291 238 2362 κατά
251 2292 311 2363 τὸν
330 2301 476 2364 ἔκπλουν
497 2294 654 2386 φυλακην
675 2295 927 2463 διαλυσάντων,
947 2302 1112 2375 Φίλιππος

156 2393 273 2466 λαθάν
286 2393 508 2467 ἀπέπλευσεν

432 2576 471 2635 w.
492 2574 561 2646 (18.)
579 2573 838 2659 Πυομωαετοε.

231 2708 465 2787 Πτολεμαῖος,Ι
474 2709 648 2788 Περδίκου
662 2698 747 2770 κατά
760 2695 904 2790 Μέμφιν
919 2706 1111 2791 διαβαίνον-

154 2826 210 2882 τος
222 2799 281 2869 τόν
295 2800 445 2890 ποταμὸν
454 2804 508 2871 καὶ
525 2801 589 2892 ἤδη
602 2807 737 2890 συχνῶν
749 2804 1019 2893 διαβεβηκότων,
1034 2829 1112 2874 συν·

156 2901 292 2990 αγαγών
313 2901 349 2971 ἐκ
368 2909 427 2992 τῆς
446 2903 555 2993 χώρας
567 2905 722 2989 αἰπόλια,
748 2906 938 2995 συφόρβια,
955 2907 1140 2997 βονιιόλιαε

156 3014 295 3075 πλείστα
316 3002 394 3090 ὅσα,
423 3008 626 3093 προσέταξεν
654 3007 796 3077 ἑκάστου
819 3009 904 3092 ζοόου
929 3008 1114 3098 φρυγάνων

157 3115 279 3197 φορτία
294 3105 448 3198 ἐκδῆσαι,
469 3105 560 3189 ὅπως
574 3107 818 3198 ἐπισυρόμενον
832 3111 1009 3202 κονιορτόν
1027 3109 1113 3200 ἐγεί-

157 3236 209 3298 ροι
230 3221 398 3282 πλεῖστον.
441 3210 489 3281 Τά
509 3211 572 3300 μὲν
594 3211 635 3301 δὴ
650 3208 798 3282 ὑπάτων
811 3215 960 3302 νομέων,
977 3213 1065 3302 πρὸς
1078 3214 1113 3284 δέ

156 3311 285 3393 τούτοις
297 3315 354 3383 καὶ
369 3317 499 3385 ίππέων
514 3312 739 3402 ἐλαυνόμενα,
760 3315 938 3406 κονιορτόν
953 3315 1114 3408 άνέστησε

156 3415 329 3501 μέγιστον·
352 3414 452 3498 αύτδς
470 3418 509 3488 δέ
529 3414 710 3506 άναλαβοδν
726 3423 796 3487 τοῖν
809 3422 940 3490 ίππέων
952 3418 1031 3502 τούς
1044 3431 1144 3492 λοι-30

146 3514 256 3602 πούς,
270 3533 339 3599 τοῖς
352 3528 523 3609 πολεμίοις
536 3526 694 3614 προσῆγε.
728 3525 773 3591 Οί
785 3521 823 3594 δέ
830 3573 841 3611 ,
865 3519 933 3597 άπὸ
946 3530 1008 3595 τοῦ
1021 3550 1113 3595 κονι-
