2318 3892
475 197 704 259 TETAPTON.
1013 196 1071 259 135

106 376 216 460 σχῆμα
230 369 464 458 παραπλήσιον
476 360 530 457 ἦν.
561 364 675 439 Ὁπότ’
692 359 756 439 οῦν
774 373 809 438 οί
819 374 879 439 τοῦ
892 373 990 440 λαιοῦ
1010 370 1068 457 μέ-

55 510 61 525 =
107 501 207 561 ρους,
239 471 302 562 τὴν
336 470 452 554 δεξιάν
477 468 641 560 οὐραγίαν
668 471 813 557 ίδόντες,
848 468 1070 554 ἀλαλάξαντες

106 582 295 665 προσῆγον,
310 572 431 664 ὁμοίως
445 574 483 643 δέ
496 576 600 644 καλοί
609 572 755 645 ἀπὸτοῦ·
768 579 881 656 δεξιοῦ
895 571 951 662 ἐφ’
968 571 1069 662 ἡνίαν

106 682 309 767 στρέφοντες
321 681 447 765 ἐπῆγον
460 674 674 757 τοῖςἸνδοῑς·
695 682 729 746 oc
746 676 782 747 δὲ
804 682 1069 765 συγκλασθῆναι

72 803 90 843 ⁵
108 784 321 870 φοβηθέντες
342 777 502 868 ῦρμησαν
528 775 612 867 ὁμοῦ
639 779 761 860 πάντες
780 781 837 849 ἐπὶ
864 775 927 868 την
948 778 1069 868 στενὴν

107 888 236 967 ἔξοδον,
250 880 335 952 ὥστε
347 878 521 970 οίμένῦπδ
533 886 602 950 τῦν
608 878 824 953 Μακεδόνων
830 878 1030 972 ἀνῃροῦντο,
1038 887 1072 952 οί

107 980 1067 1073 δέπλείουςῦπ’άλληλωνκαταπατοόμενοιδιεφθείροντο.

181 1085 396 1176 Ἀλέξανδρος
409 1090 447 1158 ἐν
462 1093 503 1176 τῇ
516 1085 599 1176 πρὸς
614 1092 738 1177 Πῦρον
750 1086 837 1176 μάχη
851 1085 888 1158 τὸ
899 1087 962 1176 μὲν
976 1093 1068 1157 ίππι-
1086 1119 1121 1171 22

105 1189 170 1260 κόν
185 1193 239 1260 ἐπὶ
253 1195 313 1259 τοῦ
327 1195 438 1273 δεξιοῦ
452 1192 557 1279 κέρως
570 1193 685 1273 ἔταξεν
695 1193 733 1260 ἐν
745 1189 887 1284 μετόπφ
901 1187 939 1260 τό
954 1186 1069 1279 ἥμισυ,

58 1313 95 1359 ιο
111 1293 150 1364 τδ
165 1293 203 1363 δέ
216 1291 334 1363 λοιπὸν
350 1296 387 1364 ἐν
400 1296 606 1387 ἐπικαμπίφ,
625 1290 689 1382 τὴν
703 1293 740 1365 δέ
754 1291 910 1381 φάλαγγα
922 1294 978 1362 καὶ
992 1291 1071 1374 τοῦς

107 1394 276 1486 ἐλαφροῦς
293 1396 349 1465 ἐπὶ
368 1401 429 1467 τοῦ
443 1400 541 1466 λαιοῦ
563 1397 670 1486 κέρως
684 1401 817 1485 ἔστησε·
839 1397 895 1466 καὶ
909 1394 975 1466 ἀπὸ
989 1395 1067 1466 τοῦ·

107 1527 178 1570 των
191 1499 392 1588 ἐπικάμπιον
405 1501 507 1579 ἔταξε.
531 1503 650 1588 Πῦρος
664 1499 713 1586 δὲ,
728 1497 873 1580 πολλοῦς
886 1501 1070 1588 ἐλέφαντας

106 1600 390 1690 ἀντιπαρατάξας,
419 1597 519 1681 αῦτδς
546 1601 609 1690 μέν
631 1600 716 1671 κατά
739 1599 776 1671 τὸ
804 1599 900 1671 λαιὸν
927 1603 982 1671 ἐπὶ
1007 1605 1069 1671 τοῦ

107 1702 298 1794 ἡγουμένου
311 1705 492 1792 ἐλέφαντος
505 1694 564 1792 ἦν·
585 1700 662 1783 τοῦς
684 1703 722 1773 δὲ
732 1702 872 1783 ’λοιποῦς
887 1705 1071 1790 ἐλέφαντας

64 1831 92 1873 ιε
110 1813 148 1878 ἐκ
162 1806 383 1895 διαστήματος
404 1805 611 1894 πεντήκοντα
633 1810 750 1875 ποδῦυ
768 1808 863 1895 μέχρι
883 1811 944 1874 τοῦ
958 1808 1070 1887 δεξιοῦ

108 1915 216 2001 κέρως
236 1916 372 1997 ἔστησε·
394 1906 435 1977 τά
455 1908 493 1978 δέ
519 1909 603 1998 μέσα
616 1913 685 1978 νῦν
699 1916 832 1996 θηρίων
850 1906 994 1998 ἀνδράσι
1008 1932 1068 1976 πε-

109 2022 175 2098 ζοῖς
192 2009 450 2101 ἀνεπλήρωσεν,
471 2007 557 2080 ὥστε
570 2002 663 2100 ἦντὸ
684 2017 792 2100 σχῆμα
812 2019 914 2100 τείχει
934 2010 1069 2103 μεγάλῳ

109 2114 361 2204 παραπλήσιον,
382 2117 418 2182 οί
427 2114 490 2202 μέν
502 2115 682 2200 ἐλέφαντες
695 2112 841 2195 ἐοικότες
860 2113 1018 2203 πύργοις,
1038 2117 1073 2182 οί

110 2219 148 2290 δέ
161 2220 253 2300 πεζοὶ
271 2224 519 2307 μεσοπυργίοις.
549 2213 655 2286 Ἔνθα
668 2214 711 2307 δὴ
733 2224 958 2307 παραγγείλας
977 2214 1069 2284 Ἀλέέ

73 2343 95 2384 2⁰
110 2325 251 2409 ξανδρος
281 2317 361 2400 τοῦς
384 2317 502 2402 πεζοῦς
529 2316 770 2416 ἀντιπαράγειν
794 2335 863 2399 τοῖς
887 2324 1070 2407 πολεμίοις,

109 2421 210 2504 αῦτδς
229 2421 297 2511 ’τὴν
330 2427 435 2491 ἵππον
472 2423 527 2490 ἐπὶ
541 2426 545 2433 ’
558 2421 645 2510 δόρυ
674 2421 903 2512 σφοδρότερον
933 2419 1069 2510 η’λασευ,

107 2526 315 2616 βουλόμενος
328 2520 554 2613 ῦπερκεράσαι
570 2522 648 2603 τοῦς
661 2525 845 2604 ἐναντίους.
881 2529 986 2592 Τοῦτο
1000 2550 1067 2608 φυ-

108 2628 314 2718 λασσόμενος
327 2631 463 2713 Πῶρος,
482 2623 700 2714 ἀντιπαρῆγε.
740 2631 793 2718 Τῷ
809 2626 849 2696 δέ
860 2623 906 2715 μὴ
919 2624 1069 2713 φθάνειν

107 2731 149 2802 τδι
162 2738 268 2821 θηρία
281 2734 439 2799 διεσπᾶτο
452 2726 494 2797 τά
507 2726 613 2799 πολλὰ
621 2733 680 2816 τῆς
696 2726 827 2811 τάξεως.
860 2734 936 2799 Τιῦν
949 2736 1068 2798 Μακε·

68 2851 92 2896 25
109 2835 224 2906 δόνων
242 2849 311 2913 τοῖς
326 2830 576 2927 διασπάσμασιυ
591 2831 842 2920 ἐμπιπτόντων,
866 2829 1069 2920 ἠναγκάζετο

107 2935 194 3009 κατὰ
208 2935 391 3023 πρόσωπον
404 2936 616 3021 ἐπιστρέφων
634 2931 869 3021 ἀγωνίζεσθαι.
894 2931 948 3003 Ἐν
961 2933 1068 3025 τούτῳ

107 3039 306 3129 φθάνουσιν
321 3042 356 3106 οἱ
372 3039 450 3126 περὶ
461 3034 749 3126 τόγἈλέξανδρον
763 3043 874 3116 ἱππεῖς
894 3039 1067 3123 ἐκπεριελ·

106 3143 246 3227 θόντες,
273 3137 430 3209 καὶκατὰ
457 3138 569 3209 νότου
587 3139 832 3219 συνελάσαντες
851 3136 929 3218 τοῦς
942 3135 1069 3220 Ἰνδοῦς

105 3244 316 3331 τελειοτάτην
334 3249 434 3329 νίκην
455 3238 648 3328 ἀνείλοντο,
669 3239 748 3331 μεθ’
771 3239 816 3331 ἢν
838 3239 995 3328 βασιλεῦς
1004 3239 1066 3312 Ἰν-

59 3371 88 3418 3ο
107 3353 205 3439 δικῆς
218 3345 467 3433 [Ἀλέξανδροςλ

135 3592 140 3600 ·
180 3575 247 3644 Osp-
261 3574 288 3630 θ.
325 3577 352 3640 5.
366 3577 410 3630 22.
446 3571 490 3630 ef.
505 3571 619 3628 Diodor.
641 3573 688 3638 17,
705 3570 749 3624 87.
