<?xml version="1.0" encoding="UTF-8"?>
<!DOCTYPE html PUBLIC "-//W3C//DTD XHTML 1.0 Transitional//EN"
    "http://www.w3.org/TR/xhtml1/DTD/xhtml1-transitional.dtd">
<html xmlns="http://www.w3.org/1999/xhtml" xml:lang="en" lang="en">
 <head>
  <title>
</title>
<meta http-equiv="Content-Type" content="text/html;charset=utf-8" />
  <meta name='ocr-system' content='tesseract 3.04.00' />
  <meta name='ocr-capabilities' content='ocr_page ocr_carea ocr_par ocr_line ocrx_word'/>
</head>
<body>
  <div class='ocr_page' id='page_1' title='image "./polyaenistrateg00polygoog_0305.png"; bbox 0 0 2318 3892; ppageno 0'>
   <div class='ocr_carea' id='block_1_1' title="bbox 65 1345 83 1396">
    <p class='ocr_par' dir='ltr' id='par_1_1' title="bbox 65 1345 83 1396">
     <span class='ocr_line' id='line_1_1' title="bbox 65 1345 83 1396; baseline 0 0"><span class='ocrx_word' id='word_1_1' title='bbox 65 1345 83 1396; x_wconf 66' lang='grc' dir='ltr'><em>λ</em></span> 
     </span>
    </p>
   </div>
   <div class='ocr_carea' id='block_1_2' title="bbox 67 1993 84 2045">
    <p class='ocr_par' dir='ltr' id='par_1_2' title="bbox 67 1993 84 2045">
     <span class='ocr_line' id='line_1_2' title="bbox 67 1993 84 2045; baseline 0 0"><span class='ocrx_word' id='word_1_2' title='bbox 67 1993 84 2045; x_wconf 88' lang='grc'>3</span> 
     </span>
    </p>
   </div>
   <div class='ocr_carea' id='block_1_3' title="bbox 68 3054 86 3105">
    <p class='ocr_par' dir='ltr' id='par_1_3' title="bbox 68 3054 86 3105">
     <span class='ocr_line' id='line_1_3' title="bbox 68 3054 86 3105; baseline 0 0"><span class='ocrx_word' id='word_1_3' title='bbox 68 3054 86 3105; x_wconf 86' lang='grc'>4</span> 
     </span>
    </p>
   </div>
   <div class='ocr_carea' id='block_1_4' title="bbox 96 54 1084 261">
    <p class='ocr_par' dir='ltr' id='par_1_4' title="bbox 96 54 1084 261">
     <span class='ocr_line' id='line_1_4' title="bbox 96 54 1084 261; baseline 0 -3"><span class='ocrx_word' id='word_1_4' title='bbox 96 188 161 261; x_wconf 80' lang='lat'>216&#39;</span> <span class='ocrx_word' id='word_1_5' title='bbox 487 197 676 260; x_wconf 84' lang='lat' dir='ltr'><em>BIBAION</em></span> <span class='ocrx_word' id='word_1_6' title='bbox 1072 54 1084 243; x_wconf 76' lang='lat'><em>6</em></span> 
     </span>
    </p>
   </div>
   <div class='ocr_carea' id='block_1_5' title="bbox 97 361 1098 759">
    <p class='ocr_par' dir='ltr' id='par_1_5' title="bbox 97 361 1098 759">
     <span class='ocr_line' id='line_1_5' title="bbox 97 361 1098 459; baseline -0.005 -18"><span class='ocrx_word' id='word_1_7' title='bbox 97 371 219 449; x_wconf 87' lang='grc' dir='ltr'><em>πάντες</em></span> <span class='ocrx_word' id='word_1_8' title='bbox 237 371 463 450; x_wconf 80' lang='grc' dir='ltr'><em>έξωκλίσαντο</em></span> <span class='ocrx_word' id='word_1_9' title='bbox 482 371 539 438; x_wconf 82' lang='grc' dir='ltr'><em>καὶ</em></span> <span class='ocrx_word' id='word_1_10' title='bbox 561 374 630 440; x_wconf 80' lang='grc' dir='ltr'><em>τῶν</em></span> <span class='ocrx_word' id='word_1_11' title='bbox 657 370 821 459; x_wconf 85' lang='grc' dir='ltr'><em>σωμάτων</em></span> <span class='ocrx_word' id='word_1_12' title='bbox 842 361 883 457; x_wconf 82' lang='grc' dir='ltr'><em>εὖ</em></span> <span class='ocrx_word' id='word_1_13' title='bbox 908 371 968 439; x_wconf 77' lang='grc' dir='ltr'><em>καὶ</em></span> <span class='ocrx_word' id='word_1_14' title='bbox 993 372 1053 439; x_wconf 81' lang='grc' dir='ltr'><em>τάν</em></span> <span class='ocrx_word' id='word_1_15' title='bbox 1090 398 1098 436; x_wconf 85' lang='grc' dir='ltr'><em>ι</em></span> 
     </span>
     <span class='ocr_line' id='line_1_6' title="bbox 98 463 1098 562; baseline 0 -20"><span class='ocrx_word' id='word_1_16' title='bbox 98 470 212 543; x_wconf 81' lang='grc' dir='ltr'><em>ὅπλων</em></span> <span class='ocrx_word' id='word_1_17' title='bbox 226 478 365 559; x_wconf 82' lang='grc' dir='ltr'><em>ἔχοντες.</em></span> <span class='ocrx_word' id='word_1_18' title='bbox 381 468 535 558; x_wconf 82' lang='grc' dir='ltr'><em>’Ἀγγελοι</em></span> <span class='ocrx_word' id='word_1_19' title='bbox 551 473 588 542; x_wconf 75' lang='grc' dir='ltr'><em>δέ</em></span> <span class='ocrx_word' id='word_1_20' title='bbox 603 474 799 561; x_wconf 79' lang='grc' dir='ltr'><strong><em>καθειμένοι</em></strong></span> <span class='ocrx_word' id='word_1_21' title='bbox 813 473 954 555; x_wconf 87' lang='grc' dir='ltr'><em>θέοντες</em></span> <span class='ocrx_word' id='word_1_22' title='bbox 966 463 1053 562; x_wconf 82' lang='grc' dir='ltr'><em>ήκον,</em></span> <span class='ocrx_word' id='word_1_23' title='bbox 1092 471 1098 535; x_wconf 68' lang='lat'><em>6</em></span> 
     </span>
     <span class='ocr_line' id='line_1_7' title="bbox 98 498 1091 759; baseline -0.001 -114"><span class='ocrx_word' id='word_1_24' title='bbox 98 573 315 663; x_wconf 75' lang='grc' dir='ltr'><em>ἀγγέλλοντες</em></span> <span class='ocrx_word' id='word_1_25' title='bbox 336 581 516 662; x_wconf 89' lang='grc' dir='ltr'><em>πολεμίους</em></span> <span class='ocrx_word' id='word_1_26' title='bbox 542 577 784 702; x_wconf 79' lang='grc' dir='ltr'><em>ἐμβεβληκέναι</em></span> <span class='ocrx_word' id='word_1_27' title='bbox 809 581 850 665; x_wconf 81' lang='grc' dir='ltr'><em>πή</em></span> <span class='ocrx_word' id='word_1_28' title='bbox 869 576 982 702; x_wconf 78' lang='lat'>6666,</span> <span class='ocrx_word' id='word_1_29' title='bbox 1005 603 1053 645; x_wconf 89' lang='grc' dir='ltr'><em>το·</em></span> <span class='ocrx_word' id='word_1_30' title='bbox 1077 498 1091 759; x_wconf 77' lang='grc' dir='ltr'>ι</span> 
     </span>
    </p>
   </div>
   <div class='ocr_carea' id='block_1_6' title="bbox 32 669 1053 768">
    <p class='ocr_par' dir='ltr' id='par_1_6' title="bbox 32 669 1053 768">
     <span class='ocr_line' id='line_1_8' title="bbox 32 669 1053 768; baseline 0.001 -23"><span class='ocrx_word' id='word_1_31' title='bbox 32 748 39 753; x_wconf 78' lang='grc'><em>,</em></span> <span class='ocrx_word' id='word_1_32' title='bbox 100 684 221 748; x_wconf 87' lang='grc' dir='ltr'><em>σούτου</em></span> <span class='ocrx_word' id='word_1_33' title='bbox 234 674 433 765; x_wconf 75' lang='grc' dir='ltr'><strong><em>ἀπέχοντας,</em></strong></span> <span class='ocrx_word' id='word_1_34' title='bbox 458 674 537 746; x_wconf 85' lang='grc' dir='ltr'><em>ὅσον</em></span> <span class='ocrx_word' id='word_1_35' title='bbox 552 676 689 766; x_wconf 78' lang='grc' dir='ltr'><em>ἀπεῖχεν</em></span> <span class='ocrx_word' id='word_1_36' title='bbox 702 709 723 768; x_wconf 90' lang='lat'><em>6</em></span> <span class='ocrx_word' id='word_1_37' title='bbox 710 675 849 765; x_wconf 81' lang='grc' dir='ltr'><em>πόλις,</em></span> <span class='ocrx_word' id='word_1_38' title='bbox 870 669 893 768; x_wconf 83' lang='lat'><em>6</em></span> <span class='ocrx_word' id='word_1_39' title='bbox 910 701 1053 768; x_wconf 86' lang='grc' dir='ltr'><em>προσκο·</em></span> 
     </span>
    </p>
   </div>
   <div class='ocr_carea' id='block_1_7' title="bbox 98 779 1098 1280">
    <p class='ocr_par' dir='ltr' id='par_1_7' title="bbox 98 779 1098 1280">
     <span class='ocr_line' id='line_1_9' title="bbox 99 779 1076 908; baseline -0.003 -58"><span class='ocrx_word' id='word_1_40' title='bbox 99 791 214 870; x_wconf 83' lang='grc' dir='ltr'><em>λεμεϊν</em></span> <span class='ocrx_word' id='word_1_41' title='bbox 232 779 444 850; x_wconf 79' lang='grc' dir='ltr'><em>ἐσπουδάκει.</em></span> <span class='ocrx_word' id='word_1_42' title='bbox 480 785 525 848; x_wconf 82' lang='grc' dir='ltr'><em>Οί</em></span> <span class='ocrx_word' id='word_1_43' title='bbox 543 781 581 850; x_wconf 73' lang='grc' dir='ltr'><em>δὲ</em></span> <span class='ocrx_word' id='word_1_44' title='bbox 601 786 819 868; x_wconf 75' lang='grc' dir='ltr'><em>στρατιῶται,</em></span> <span class='ocrx_word' id='word_1_45' title='bbox 847 779 933 881; x_wconf 83' lang='grc' dir='ltr'><em>πρὸς</em></span> <span class='ocrx_word' id='word_1_46' title='bbox 955 781 1076 908; x_wconf 70' lang='lat'>666666</span> 
     </span>
     <span class='ocr_line' id='line_1_10' title="bbox 100 871 1058 1008; baseline -0.001 -55"><span class='ocrx_word' id='word_1_47' title='bbox 100 881 273 1008; x_wconf 72' lang='grc' dir='ltr'><em>εὐτρεπεῖς</em></span> <span class='ocrx_word' id='word_1_48' title='bbox 298 881 408 970; x_wconf 77' lang='grc' dir='ltr'><em>ὄντες,</em></span> <span class='ocrx_word' id='word_1_49' title='bbox 436 879 491 970; x_wconf 80' lang='grc' dir='ltr'><em>ήξί</em></span> <span class='ocrx_word' id='word_1_50' title='bbox 492 904 583 954; x_wconf 91' lang='grc' dir='ltr'><em>ωσαν</em></span> <span class='ocrx_word' id='word_1_51' title='bbox 604 882 699 954; x_wconf 80' lang='grc' dir='ltr'><em>αὐτοὶ</em></span> <span class='ocrx_word' id='word_1_52' title='bbox 725 881 770 973; x_wconf 87' lang='grc' dir='ltr'><em>μή</em></span> <span class='ocrx_word' id='word_1_53' title='bbox 794 871 955 1008; x_wconf 83' lang='grc' dir='ltr'><em>μέλλειν,</em></span> <span class='ocrx_word' id='word_1_54' title='bbox 979 880 1058 953; x_wconf 74' lang='grc' dir='ltr'><em>ἀλλὰ</em></span> 
     </span>
     <span class='ocr_line' id='line_1_11' title="bbox 98 982 1098 1076; baseline -0.001 -20"><span class='ocrx_word' id='word_1_55' title='bbox 98 985 161 1074; x_wconf 83' lang='grc' dir='ltr'><em>τήν</em></span> <span class='ocrx_word' id='word_1_56' title='bbox 176 983 453 1074; x_wconf 82' lang='grc' dir='ltr'><em>ταχίστηνάγειν.</em></span> <span class='ocrx_word' id='word_1_57' title='bbox 472 982 561 1055; x_wconf 85' lang='grc' dir='ltr'><em>0δέ</em></span> <span class='ocrx_word' id='word_1_58' title='bbox 545 983 858 1076; x_wconf 77' lang='grc' dir='ltr'><em>ἐΊάσωνέπδτήν</em></span> <span class='ocrx_word' id='word_1_59' title='bbox 842 986 945 1056; x_wconf 86' lang='grc' dir='ltr'><em>πόλιν</em></span> <span class='ocrx_word' id='word_1_60' title='bbox 958 1006 1055 1075; x_wconf 89' lang='grc' dir='ltr'><em>προσ·</em></span> <span class='ocrx_word' id='word_1_61' title='bbox 1093 1028 1098 1055; x_wconf 73' lang='grc' dir='ltr'><em>ι</em></span> 
     </span>
     <span class='ocr_line' id='line_1_12' title="bbox 99 1086 1098 1179; baseline 0.003 -22"><span class='ocrx_word' id='word_1_62' title='bbox 99 1087 214 1178; x_wconf 75' lang='grc' dir='ltr'><em>βαλών</em></span> <span class='ocrx_word' id='word_1_63' title='bbox 233 1086 403 1176; x_wconf 74' lang='grc' dir='ltr'><em>ἀδοκήτως</em></span> <span class='ocrx_word' id='word_1_64' title='bbox 423 1087 599 1178; x_wconf 79' lang='grc' dir='ltr'><em>ἐκράτησε,</em></span> <span class='ocrx_word' id='word_1_65' title='bbox 620 1086 763 1177; x_wconf 81' lang='grc' dir='ltr'><em>μηδενὸς</em></span> <span class='ocrx_word' id='word_1_66' title='bbox 781 1088 989 1179; x_wconf 81' lang='grc' dir='ltr'><em>προγνύντος</em></span> <span class='ocrx_word' id='word_1_67' title='bbox 1001 1087 1055 1179; x_wconf 85' lang='grc' dir='ltr'><em>μή·</em></span> <span class='ocrx_word' id='word_1_68' title='bbox 1092 1122 1098 1160; x_wconf 77' lang='grc' dir='ltr'><em>ι</em></span> 
     </span>
     <span class='ocr_line' id='line_1_13' title="bbox 99 1189 810 1280; baseline 0.003 -20"><span class='ocrx_word' id='word_1_69' title='bbox 99 1219 135 1260; x_wconf 91' lang='grc' dir='ltr'><em>τε</em></span> <span class='ocrx_word' id='word_1_70' title='bbox 149 1196 218 1259; x_wconf 76' lang='grc' dir='ltr'><em>τῶν</em></span> <span class='ocrx_word' id='word_1_71' title='bbox 232 1189 407 1259; x_wconf 81' lang='grc' dir='ltr'><em>νικάντων</em></span> <span class='ocrx_word' id='word_1_72' title='bbox 421 1189 504 1277; x_wconf 91' lang='grc' dir='ltr'><em>μήτε</em></span> <span class='ocrx_word' id='word_1_73' title='bbox 517 1196 587 1260; x_wconf 78' lang='grc' dir='ltr'><em>τῶν</em></span> <span class='ocrx_word' id='word_1_74' title='bbox 602 1192 810 1280; x_wconf 82' lang='grc' dir='ltr'><em>νικωμένων.</em></span> 
     </span>
    </p>
   </div>
   <div class='ocr_carea' id='block_1_8' title="bbox 100 1270 1098 1828">
    <p class='ocr_par' dir='ltr' id='par_1_8' title="bbox 100 1270 1098 1828">
     <span class='ocr_line' id='line_1_14' title="bbox 174 1270 1098 1456; baseline 0.002 -61.011"><span class='ocrx_word' id='word_1_75' title='bbox 174 1321 291 1395; x_wconf 83' lang='grc' dir='ltr'><em>Ἰάσων</em></span> <span class='ocrx_word' id='word_1_76' title='bbox 313 1316 519 1407; x_wconf 80' lang='grc' dir='ltr'><em>Θετταλός’</em></span> <span class='ocrx_word' id='word_1_77' title='bbox 499 1327 741 1418; x_wconf 81' lang='grc' dir='ltr'><em>ἀπαιτούμενος</em></span> <span class='ocrx_word' id='word_1_78' title='bbox 761 1323 827 1396; x_wconf 82' lang='grc' dir='ltr'><em>ὑπὸ</em></span> <span class='ocrx_word' id='word_1_79' title='bbox 846 1323 916 1397; x_wconf 82' lang='grc' dir='ltr'><em>νύν</em></span> <span class='ocrx_word' id='word_1_80' title='bbox 939 1336 1053 1456; x_wconf 73' lang='grc' dir='ltr'><em>μισθο-</em></span> <span class='ocrx_word' id='word_1_81' title='bbox 1083 1270 1098 1383; x_wconf 97' lang='lat'><em>6</em></span> 
     </span>
     <span class='ocr_line' id='line_1_15' title="bbox 100 1425 1054 1557; baseline 0.002 -58"><span class='ocrx_word' id='word_1_82' title='bbox 100 1427 218 1557; x_wconf 75' lang='grc' dir='ltr'><em>φύρων</em></span> <span class='ocrx_word' id='word_1_83' title='bbox 231 1425 413 1552; x_wconf 74' lang='grc' dir='ltr'><em>ἀργύριον,</em></span> <span class='ocrx_word' id='word_1_84' title='bbox 439 1427 501 1500; x_wconf 89' lang='grc' dir='ltr'><em>ούκ</em></span> <span class='ocrx_word' id='word_1_85' title='bbox 521 1436 607 1516; x_wconf 78' lang='grc' dir='ltr'><em>ἔχων</em></span> <span class='ocrx_word' id='word_1_86' title='bbox 626 1431 803 1519; x_wconf 79' lang='grc' dir='ltr'><em>εἰσέδραμε</em></span> <span class='ocrx_word' id='word_1_87' title='bbox 819 1426 904 1520; x_wconf 79' lang='grc' dir='ltr'><em>πρὸς</em></span> <span class='ocrx_word' id='word_1_88' title='bbox 919 1429 985 1520; x_wconf 86' lang='grc' dir='ltr'><em>τήν</em></span> <span class='ocrx_word' id='word_1_89' title='bbox 999 1458 1054 1520; x_wconf 88' lang='lat'><em>66·</em></span> 
     </span>
     <span class='ocr_line' id='line_1_16' title="bbox 100 1522 1098 1623; baseline 0.003 -23"><span class='ocrx_word' id='word_1_90' title='bbox 100 1535 199 1620; x_wconf 89' lang='grc' dir='ltr'><em>τέρα,</em></span> <span class='ocrx_word' id='word_1_91' title='bbox 225 1526 268 1610; x_wconf 80' lang='grc' dir='ltr'><em>ύς</em></span> <span class='ocrx_word' id='word_1_92' title='bbox 289 1528 532 1620; x_wconf 66' lang='grc' dir='ltr'><em>διωκόμενος“</em></span> <span class='ocrx_word' id='word_1_93' title='bbox 514 1531 580 1603; x_wconf 85' lang='grc' dir='ltr'><em>υπὸ</em></span> <span class='ocrx_word' id='word_1_94' title='bbox 598 1538 668 1621; x_wconf 76' lang='lat'><em>666</em></span> <span class='ocrx_word' id='word_1_95' title='bbox 681 1538 912 1623; x_wconf 77' lang='grc' dir='ltr'><em>στρατιωτῶν,</em></span> <span class='ocrx_word' id='word_1_96' title='bbox 933 1528 995 1622; x_wconf 86' lang='grc' dir='ltr'><em>ἀφ’</em></span> <span class='ocrx_word' id='word_1_97' title='bbox 1015 1522 1055 1602; x_wconf 75' lang='lat'><em>6</em></span> <span class='ocrx_word' id='word_1_98' title='bbox 1082 1527 1098 1585; x_wconf 80' lang='lat'><em>6</em></span> 
     </span>
     <span class='ocr_line' id='line_1_17' title="bbox 102 1608 1097 1728; baseline 0.003 -24"><span class='ocrx_word' id='word_1_99' title='bbox 102 1633 163 1704; x_wconf 86' lang='lat'><em>660</em></span> <span class='ocrx_word' id='word_1_100' title='bbox 177 1636 234 1703; x_wconf 80' lang='grc' dir='ltr'><em>καὶ</em></span> <span class='ocrx_word' id='word_1_101' title='bbox 247 1648 337 1721; x_wconf 86' lang='grc' dir='ltr'><em>τρεῖς</em></span> <span class='ocrx_word' id='word_1_102' title='bbox 358 1631 449 1728; x_wconf 78' lang='grc' dir='ltr'><em>αύτῷ</em></span> <span class='ocrx_word' id='word_1_103' title='bbox 472 1626 659 1706; x_wconf 77' lang='grc' dir='ltr'><em>συνέπεσον</em></span> <span class='ocrx_word' id='word_1_104' title='bbox 673 1632 717 1716; x_wconf 82' lang='grc' dir='ltr'><em>ύς</em></span> <span class='ocrx_word' id='word_1_105' title='bbox 732 1635 924 1717; x_wconf 86' lang='grc' dir='ltr'><em>διύκοντες.</em></span> <span class='ocrx_word' id='word_1_106' title='bbox 947 1633 994 1706; x_wconf 87' lang='grc' dir='ltr'>Ἡ</span> <span class='ocrx_word' id='word_1_107' title='bbox 1001 1633 1052 1727; x_wconf 89' lang='grc' dir='ltr'><em>μή·</em></span> <span class='ocrx_word' id='word_1_108' title='bbox 1083 1608 1097 1672; x_wconf 76' lang='lat'><em>6</em></span> 
     </span>
     <span class='ocr_line' id='line_1_18' title="bbox 100 1729 1098 1828; baseline 0.003 -23"><span class='ocrx_word' id='word_1_109' title='bbox 100 1764 162 1826; x_wconf 84' lang='grc' dir='ltr'><em>τηρ</em></span> <span class='ocrx_word' id='word_1_110' title='bbox 178 1777 224 1789; x_wconf 92' lang='grc'>-</span> <span class='ocrx_word' id='word_1_111' title='bbox 241 1736 491 1826; x_wconf 81' lang='grc' dir='ltr'><em>πολυχρήματος</em></span> <span class='ocrx_word' id='word_1_112' title='bbox 506 1737 569 1828; x_wconf 85' lang='grc' dir='ltr'><em>γάρ</em></span> <span class='ocrx_word' id='word_1_113' title='bbox 589 1729 632 1827; x_wconf 86' lang='grc' dir='ltr'><em>ήν</em></span> <span class='ocrx_word' id='word_1_114' title='bbox 648 1777 693 1791; x_wconf 89' lang='lat'><em>-—-</em></span> <span class='ocrx_word' id='word_1_115' title='bbox 712 1737 790 1818; x_wconf 88' lang='grc' dir='ltr'><em>τούς</em></span> <span class='ocrx_word' id='word_1_116' title='bbox 810 1735 957 1828; x_wconf 84' lang='grc' dir='ltr'><em>μισθούς</em></span> <span class='ocrx_word' id='word_1_117' title='bbox 976 1733 1053 1826; x_wconf 76' lang='grc' dir='ltr'><em>ύτλρ</em></span> <span class='ocrx_word' id='word_1_118' title='bbox 1087 1806 1098 1827; x_wconf 31' lang='grc' dir='ltr'><em>,Ι</em></span> 
     </span>
    </p>
   </div>
   <div class='ocr_carea' id='block_1_9' title="bbox 101 1837 1098 1977">
    <p class='ocr_par' dir='ltr' id='par_1_9' title="bbox 101 1837 1098 1977">
     <span class='ocr_line' id='line_1_19' title="bbox 101 1837 387 1908; baseline -0.007 0"><span class='ocrx_word' id='word_1_119' title='bbox 101 1837 207 1908; x_wconf 89' lang='grc' dir='ltr'><em>αύτον</em></span> <span class='ocrx_word' id='word_1_120' title='bbox 193 1839 387 1908; x_wconf 86' lang='grc' dir='ltr'><em>διέλυσεν.</em></span> 
     </span>
     <span class='ocr_line' id='line_1_20' title="bbox 1087 1938 1098 1977; baseline 0 0"><span class='ocrx_word' id='word_1_121' title='bbox 1087 1938 1098 1977; x_wconf 82' lang='grc' dir='ltr'><em>α</em></span> 
     </span>
    </p>
   </div>
   <div class='ocr_carea' id='block_1_10' title="bbox 101 1944 1098 2985">
    <p class='ocr_par' dir='ltr' id='par_1_10' title="bbox 101 1944 1098 2985">
     <span class='ocr_line' id='line_1_21' title="bbox 174 1944 1098 2080; baseline 0.002 -37.011"><span class='ocrx_word' id='word_1_122' title='bbox 174 1971 291 2044; x_wconf 85' lang='grc' dir='ltr'><em>Ἰάσων</em></span> <span class='ocrx_word' id='word_1_123' title='bbox 320 1972 628 2062; x_wconf 57' lang='grc' dir='ltr'><em>πόλεμονοικήσας</em></span> <span class='ocrx_word' id='word_1_124' title='bbox 657 1979 721 2064; x_wconf 80' lang='grc' dir='ltr'><em>ἔφη</em></span> <span class='ocrx_word' id='word_1_125' title='bbox 743 1971 826 2064; x_wconf 81' lang='grc' dir='ltr'><em>πρὸς</em></span> <span class='ocrx_word' id='word_1_126' title='bbox 844 1971 913 2065; x_wconf 81' lang='grc' dir='ltr'><em>τήν</em></span> <span class='ocrx_word' id='word_1_127' title='bbox 908 1944 1056 2064; x_wconf 80' lang='grc' dir='ltr'><em>μητέρα,</em></span> <span class='ocrx_word' id='word_1_128' title='bbox 1089 2023 1098 2080; x_wconf 80' lang='grc'><em>,</em></span> 
     </span>
     <span class='ocr_line' id='line_1_22' title="bbox 101 2064 1056 2169; baseline 0.001 -23"><span class='ocrx_word' id='word_1_129' title='bbox 101 2064 179 2157; x_wconf 89' lang='grc' dir='ltr'><em>τούς</em></span> <span class='ocrx_word' id='word_1_130' title='bbox 214 2076 445 2163; x_wconf 80' lang='grc' dir='ltr'><em>Διοσκούρους</em></span> <span class='ocrx_word' id='word_1_131' title='bbox 478 2076 736 2165; x_wconf 74' lang='grc' dir='ltr'><em>φανερωτάτους</em></span> <span class='ocrx_word' id='word_1_132' title='bbox 773 2073 866 2169; x_wconf 76' lang='grc' dir='ltr'><em>αύτῷ</em></span> <span class='ocrx_word' id='word_1_133' title='bbox 902 2080 1056 2165; x_wconf 83' lang='grc' dir='ltr'><em>γενέσθω</em></span> 
     </span>
     <span class='ocr_line' id='line_1_23' title="bbox 102 2176 1057 2306; baseline 0.002 -59"><span class='ocrx_word' id='word_1_134' title='bbox 102 2178 310 2305; x_wconf 80' lang='grc' dir='ltr'><em>συμμάχους,</em></span> <span class='ocrx_word' id='word_1_135' title='bbox 330 2207 386 2247; x_wconf 92' lang='grc' dir='ltr'><em>και</em></span> <span class='ocrx_word' id='word_1_136' title='bbox 375 2176 459 2247; x_wconf 89' lang='grc' dir='ltr'><em>διά</em></span> <span class='ocrx_word' id='word_1_137' title='bbox 474 2185 572 2249; x_wconf 87' lang='grc' dir='ltr'><em>τοῦτο</em></span> <span class='ocrx_word' id='word_1_138' title='bbox 587 2176 748 2262; x_wconf 79' lang='grc' dir='ltr'><em>εὔξασθαι</em></span> <span class='ocrx_word' id='word_1_139' title='bbox 775 2179 914 2306; x_wconf 85' lang='grc' dir='ltr'><em>νικήσας</em></span> <span class='ocrx_word' id='word_1_140' title='bbox 936 2183 1057 2263; x_wconf 83' lang='grc' dir='ltr'><em>ξενίσω</em></span> 
     </span>
     <span class='ocr_line' id='line_1_24' title="bbox 101 2279 1098 2414; baseline 0.005 -64"><span class='ocrx_word' id='word_1_141' title='bbox 101 2280 180 2362; x_wconf 88' lang='grc' dir='ltr'><em>τούς</em></span> <span class='ocrx_word' id='word_1_142' title='bbox 200 2281 318 2361; x_wconf 89' lang='grc' dir='ltr'><em>θεούς·</em></span> <span class='ocrx_word' id='word_1_143' title='bbox 339 2283 538 2406; x_wconf 77' lang='grc' dir='ltr'><em>κεκλήκέναι</em></span> <span class='ocrx_word' id='word_1_144' title='bbox 562 2283 598 2352; x_wconf 75' lang='grc' dir='ltr'><em>δέ</em></span> <span class='ocrx_word' id='word_1_145' title='bbox 620 2279 730 2353; x_wconf 81' lang='grc' dir='ltr'><em>ἐπὶ</em></span> <span class='ocrx_word' id='word_1_146' title='bbox 694 2310 756 2372; x_wconf 88' lang='grc' dir='ltr'><em>την</em></span> <span class='ocrx_word' id='word_1_147' title='bbox 771 2279 874 2414; x_wconf 82' lang='grc' dir='ltr'><em>εὐχήν</em></span> <span class='ocrx_word' id='word_1_148' title='bbox 888 2280 969 2365; x_wconf 85' lang='grc' dir='ltr'><em>τούς</em></span> <span class='ocrx_word' id='word_1_149' title='bbox 985 2279 1098 2374; x_wconf 85' lang='grc' dir='ltr'><em>ήγε·</em></span> 
     </span>
     <span class='ocr_line' id='line_1_25' title="bbox 102 2383 1057 2477; baseline 0.002 -23"><span class='ocrx_word' id='word_1_150' title='bbox 102 2384 205 2474; x_wconf 89' lang='grc' dir='ltr'><em>μόνας</em></span> <span class='ocrx_word' id='word_1_151' title='bbox 218 2389 279 2453; x_wconf 89' lang='grc' dir='ltr'><em>τού</em></span> <span class='ocrx_word' id='word_1_152' title='bbox 293 2384 537 2474; x_wconf 84' lang='grc' dir='ltr'><em>στρατεύματος</em></span> <span class='ocrx_word' id='word_1_153' title='bbox 548 2386 604 2454; x_wconf 80' lang='grc' dir='ltr'><em>καὶ</em></span> <span class='ocrx_word' id='word_1_154' title='bbox 619 2383 780 2472; x_wconf 85' lang='grc' dir='ltr'><em>λοχαγούς</em></span> <span class='ocrx_word' id='word_1_155' title='bbox 794 2414 856 2455; x_wconf 88' lang='grc' dir='ltr'><em>και</em></span> <span class='ocrx_word' id='word_1_156' title='bbox 839 2384 1057 2477; x_wconf 60' lang='grc' dir='ltr'><em>Ἰταξιάρχους</em></span> 
     </span>
     <span class='ocr_line' id='line_1_26' title="bbox 102 2483 1060 2619; baseline 0.001 -61"><span class='ocrx_word' id='word_1_157' title='bbox 102 2485 303 2619; x_wconf 34' lang='grc' dir='ltr'><em>καμπούςέ</em></span> <span class='ocrx_word' id='word_1_158' title='bbox 305 2517 325 2556; x_wconf 93' lang='grc' dir='ltr'><em>ν</em></span> <span class='ocrx_word' id='word_1_159' title='bbox 353 2490 472 2558; x_wconf 89' lang='grc' dir='ltr'><em>τέλει</em></span> <span class='ocrx_word' id='word_1_160' title='bbox 467 2487 602 2568; x_wconf 87' lang='grc' dir='ltr'><em>πάντας.</em></span> <span class='ocrx_word' id='word_1_161' title='bbox 633 2483 677 2556; x_wconf 87' lang='grc' dir='ltr'><em>Ἡ</em></span> <span class='ocrx_word' id='word_1_162' title='bbox 693 2489 730 2559; x_wconf 72' lang='grc' dir='ltr'><em>δέ</em></span> <span class='ocrx_word' id='word_1_163' title='bbox 754 2487 960 2559; x_wconf 84' lang='grc' dir='ltr'><em>πιστεύσασα</em></span> <span class='ocrx_word' id='word_1_164' title='bbox 986 2486 1060 2561; x_wconf 82' lang='grc' dir='ltr'><em>ὅσον</em></span> 
     </span>
     <span class='ocr_line' id='line_1_27' title="bbox 103 2586 1060 2714; baseline 0.004 -56"><span class='ocrx_word' id='word_1_165' title='bbox 103 2589 171 2677; x_wconf 82' lang='grc' dir='ltr'><em>εἶχε</em></span> <span class='ocrx_word' id='word_1_166' title='bbox 191 2589 316 2678; x_wconf 90' lang='grc' dir='ltr'><em>κόσμου</em></span> <span class='ocrx_word' id='word_1_167' title='bbox 332 2590 555 2714; x_wconf 74' lang='grc' dir='ltr'><em>ἐκπωμήτων,</em></span> <span class='ocrx_word' id='word_1_168' title='bbox 575 2586 769 2680; x_wconf 88' lang='grc' dir='ltr'><em>κρατήρων,</em></span> <span class='ocrx_word' id='word_1_169' title='bbox 791 2589 1025 2680; x_wconf 76' lang='grc' dir='ltr'><em>τραπεζῶν,’</em></span> <span class='ocrx_word' id='word_1_170' title='bbox 1006 2619 1060 2682; x_wconf 89' lang='grc' dir='ltr'><em>αρ</em></span> 
     </span>
     <span class='ocr_line' id='line_1_28' title="bbox 102 2689 1061 2818; baseline 0.005 -59"><span class='ocrx_word' id='word_1_171' title='bbox 102 2691 226 2781; x_wconf 88' lang='grc' dir='ltr'><em>γύρου,</em></span> <span class='ocrx_word' id='word_1_172' title='bbox 246 2699 391 2780; x_wconf 87' lang='grc' dir='ltr'><em>χρυσού,</em></span> <span class='ocrx_word' id='word_1_173' title='bbox 413 2692 522 2763; x_wconf 91' lang='grc' dir='ltr'><em>πάντα</em></span> <span class='ocrx_word' id='word_1_174' title='bbox 540 2700 706 2818; x_wconf 72' lang='grc' dir='ltr'><em>ἐπεμήνεν·</em></span> <span class='ocrx_word' id='word_1_175' title='bbox 727 2689 814 2780; x_wconf 79' lang='grc' dir='ltr'><em>δδέ,</em></span> <span class='ocrx_word' id='word_1_176' title='bbox 834 2699 971 2764; x_wconf 77' lang='grc' dir='ltr'><em>πολλῶν</em></span> <span class='ocrx_word' id='word_1_177' title='bbox 984 2723 1061 2785; x_wconf 76' lang='grc' dir='ltr'><em>χρή·</em></span> 
     </span>
     <span class='ocr_line' id='line_1_29' title="bbox 103 2785 1063 2886; baseline 0.007 -24"><span class='ocrx_word' id='word_1_178' title='bbox 103 2792 217 2883; x_wconf 81' lang='grc' dir='ltr'><em>’μάτων</em></span> <span class='ocrx_word' id='word_1_179' title='bbox 240 2793 354 2881; x_wconf 89' lang='grc' dir='ltr'><em>κύριος</em></span> <span class='ocrx_word' id='word_1_180' title='bbox 373 2796 570 2884; x_wconf 85' lang='grc' dir='ltr'><em>γενόμενος,</em></span> <span class='ocrx_word' id='word_1_181' title='bbox 586 2794 660 2882; x_wconf 40' lang='grc' dir='ltr'><em>,τὸν</em></span> <span class='ocrx_word' id='word_1_182' title='bbox 679 2793 806 2886; x_wconf 90' lang='grc' dir='ltr'><em>μισθδν</em></span> <span class='ocrx_word' id='word_1_183' title='bbox 824 2785 980 2869; x_wconf 88' lang='grc' dir='ltr'><em>ἀπέδωκε</em></span> <span class='ocrx_word' id='word_1_184' title='bbox 998 2813 1063 2878; x_wconf 71' lang='grc' dir='ltr'><em>τοῖς</em></span> 
     </span>
     <span class='ocr_line' id='line_1_30' title="bbox 104 2895 1093 2985; baseline 0.005 -19"><span class='ocrx_word' id='word_1_185' title='bbox 104 2895 336 2985; x_wconf 76' lang='grc' dir='ltr'><em>μισθοφόροις.</em></span> <span class='ocrx_word' id='word_1_186' title='bbox 1075 2930 1093 2971; x_wconf 84' lang='grc' dir='ltr'><em>ν</em></span> 
     </span>
    </p>
   </div>
   <div class='ocr_carea' id='block_1_11' title="bbox 101 3028 1098 3643">
    <p class='ocr_par' dir='ltr' id='par_1_11' title="bbox 101 3028 1098 3643">
     <span class='ocr_line' id='line_1_31' title="bbox 178 3028 1063 3125; baseline 0.007 -25"><span class='ocrx_word' id='word_1_187' title='bbox 178 3028 295 3102; x_wconf 85' lang='grc' dir='ltr'><em>Ἰάσων</em></span> <span class='ocrx_word' id='word_1_188' title='bbox 313 3030 636 3102; x_wconf 88' lang='grc' dir='ltr'><em>πόλινπλουτούσαν</em></span> <span class='ocrx_word' id='word_1_189' title='bbox 659 3031 762 3121; x_wconf 81' lang='grc' dir='ltr'><em>έλιδν,</em></span> <span class='ocrx_word' id='word_1_190' title='bbox 788 3033 895 3105; x_wconf 87' lang='grc' dir='ltr'><em>πολλά</em></span> <span class='ocrx_word' id='word_1_191' title='bbox 909 3036 968 3105; x_wconf 76' lang='grc' dir='ltr'><em>καὶ</em></span> <span class='ocrx_word' id='word_1_192' title='bbox 981 3045 1063 3125; x_wconf 89' lang='grc' dir='ltr'><em>λαμ·</em></span> 
     </span>
     <span class='ocr_line' id='line_1_32' title="bbox 103 3132 1064 3227; baseline 0.006 -26"><span class='ocrx_word' id='word_1_193' title='bbox 103 3132 171 3222; x_wconf 84' lang='grc' dir='ltr'><em>πρά</em></span> <span class='ocrx_word' id='word_1_194' title='bbox 192 3134 328 3223; x_wconf 81' lang='grc' dir='ltr'><em>λάφυρα</em></span> <span class='ocrx_word' id='word_1_195' title='bbox 348 3141 492 3222; x_wconf 78' lang='grc' dir='ltr'><em>κομίζων</em></span> <span class='ocrx_word' id='word_1_196' title='bbox 512 3141 639 3224; x_wconf 74' lang='grc' dir='ltr'><em>ἔπεμψε</em></span> <span class='ocrx_word' id='word_1_197' title='bbox 660 3135 743 3224; x_wconf 85' lang='grc' dir='ltr'><em>πρὸς</em></span> <span class='ocrx_word' id='word_1_198' title='bbox 761 3134 825 3224; x_wconf 87' lang='grc' dir='ltr'><em>τήν</em></span> <span class='ocrx_word' id='word_1_199' title='bbox 843 3140 988 3227; x_wconf 86' lang='grc' dir='ltr'><em>μητέρα,</em></span> <span class='ocrx_word' id='word_1_200' title='bbox 1008 3165 1064 3209; x_wconf 86' lang='grc' dir='ltr'><em>κε·</em></span> 
     </span>
     <span class='ocr_line' id='line_1_33' title="bbox 102 3233 1065 3345; baseline 0.005 -40"><span class='ocrx_word' id='word_1_201' title='bbox 102 3233 214 3306; x_wconf 93' lang='grc' dir='ltr'><em>λεύων</em></span> <span class='ocrx_word' id='word_1_202' title='bbox 230 3239 357 3325; x_wconf 76' lang='grc' dir='ltr'><em>πέμψαι</em></span> <span class='ocrx_word' id='word_1_203' title='bbox 370 3244 596 3327; x_wconf 90' lang='grc' dir='ltr'><em>θεραπαίνας,</em></span> <span class='ocrx_word' id='word_1_204' title='bbox 618 3235 693 3308; x_wconf 79' lang='grc' dir='ltr'><em>ὅσαι</em></span> <span class='ocrx_word' id='word_1_205' title='bbox 715 3245 868 3345; x_wconf 79' lang='grc' dir='ltr'><em>ποικίλης</em></span> <span class='ocrx_word' id='word_1_206' title='bbox 888 3243 945 3310; x_wconf 83' lang='grc' dir='ltr'><em>καὶ</em></span> <span class='ocrx_word' id='word_1_207' title='bbox 959 3251 1065 3312; x_wconf 88' lang='grc' dir='ltr'><em>πολυ-</em></span> 
     </span>
     <span class='ocr_line' id='line_1_34' title="bbox 101 3321 1066 3431; baseline 0.008 -24"><span class='ocrx_word' id='word_1_208' title='bbox 101 3345 217 3419; x_wconf 83' lang='grc' dir='ltr'><em>τελούς</em></span> <span class='ocrx_word' id='word_1_209' title='bbox 244 3343 386 3427; x_wconf 81' lang='grc' dir='ltr'><em>ἐσθήτος</em></span> <span class='ocrx_word' id='word_1_210' title='bbox 406 3343 542 3429; x_wconf 83' lang='grc' dir='ltr'><em>ἐμπειρί</em></span> <span class='ocrx_word' id='word_1_211' title='bbox 540 3369 583 3408; x_wconf 93' lang='grc' dir='ltr'><em>αν</em></span> <span class='ocrx_word' id='word_1_212' title='bbox 527 3344 660 3410; x_wconf 78' lang='grc' dir='ltr'><em>ίκαλ</em></span> <span class='ocrx_word' id='word_1_213' title='bbox 686 3321 817 3430; x_wconf 80' lang='grc' dir='ltr'><em>τέχνην</em></span> <span class='ocrx_word' id='word_1_214' title='bbox 837 3340 995 3431; x_wconf 77' lang='grc' dir='ltr'><em>είχον,”</em></span> <span class='ocrx_word' id='word_1_215' title='bbox 976 3372 1066 3424; x_wconf 87' lang='grc' dir='ltr'><em>οπως</em></span> 
     </span>
     <span class='ocr_line' id='line_1_35' title="bbox 101 3440 1098 3534; baseline 0.011 -25"><span class='ocrx_word' id='word_1_216' title='bbox 101 3441 306 3524; x_wconf 82' lang='grc' dir='ltr'><em>ἐπιλέξαιντο</em></span> <span class='ocrx_word' id='word_1_217' title='bbox 334 3440 420 3534; x_wconf 78' lang='grc' dir='ltr'><em>αὐτῇ</em></span> <span class='ocrx_word' id='word_1_218' title='bbox 439 3441 479 3511; x_wconf 87' lang='grc' dir='ltr'><em>τά</em></span> <span class='ocrx_word' id='word_1_219' title='bbox 500 3443 669 3512; x_wconf 88' lang='grc' dir='ltr'><em>κάλλιστα.</em></span> <span class='ocrx_word' id='word_1_220' title='bbox 706 3441 750 3514; x_wconf 84' lang='lat' dir='ltr'><em>‘H</em></span> <span class='ocrx_word' id='word_1_221' title='bbox 772 3445 810 3514; x_wconf 75' lang='grc' dir='ltr'><em>δέ</em></span> <span class='ocrx_word' id='word_1_222' title='bbox 835 3444 959 3531; x_wconf 90' lang='grc' dir='ltr'><em>πάσας,</em></span> <span class='ocrx_word' id='word_1_223' title='bbox 987 3444 1067 3528; x_wconf 81' lang='grc' dir='ltr'><em>ὅσας</em></span> <span class='ocrx_word' id='word_1_224' title='bbox 1083 3482 1098 3522; x_wconf 82' lang='grc' dir='ltr'><em>τι</em></span> 
     </span>
     <span class='ocr_line' id='line_1_36' title="bbox 102 3542 1067 3643; baseline 0.009 -30"><span class='ocrx_word' id='word_1_225' title='bbox 102 3542 169 3632; x_wconf 76' lang='grc' dir='ltr'><em>εἶχε</em></span> <span class='ocrx_word' id='word_1_226' title='bbox 183 3553 408 3634; x_wconf 76' lang='grc' dir='ltr'><em>θεραπαίνας,</em></span> <span class='ocrx_word' id='word_1_227' title='bbox 424 3552 573 3635; x_wconf 76' lang='grc' dir='ltr'><em>ἐπεμψεν</em></span> <span class='ocrx_word' id='word_1_228' title='bbox 585 3544 689 3617; x_wconf 77' lang='grc' dir='ltr'><em>ἐπὶ</em></span> <span class='ocrx_word' id='word_1_229' title='bbox 653 3573 715 3636; x_wconf 80' lang='grc' dir='ltr'><em>τήν</em></span> <span class='ocrx_word' id='word_1_230' title='bbox 726 3545 929 3638; x_wconf 80' lang='grc' dir='ltr'><em>ἐκλογήν</em></span> <span class='ocrx_word' id='word_1_231' title='bbox 880 3576 950 3621; x_wconf 87' lang='grc' dir='ltr'><em>των</em></span> <span class='ocrx_word' id='word_1_232' title='bbox 962 3550 1067 3643; x_wconf 78' lang='grc' dir='ltr'><em>ἐσθή-</em></span> 
     </span>
    </p>
   </div>
   <div class='ocr_carea' id='block_1_12' title="bbox 0 0 1172 3892">
    <p class='ocr_par' dir='ltr' id='par_1_12' title="bbox 0 0 1172 3892">
     <span class='ocr_line' id='line_1_37' title="bbox 0 0 1172 3892; baseline 0 0"><span class='ocrx_word' id='word_1_233' title='bbox 0 0 1172 3892; x_wconf 95' lang='lat' dir='ltr'><em> </em></span> 
     </span>
    </p>
   </div>
  </div>
 </body>
</html>
