2318 3892
76 189 135 252 166
461 189 645 248 BIBAION
1059 39 1067 243 ό

69 360 288 440 Ἀκούσαντες
310 364 345 429 οί
361 365 560 449 στρατιῶται
584 357 732 449 ἠξίωσαν
750 360 868 449 μηκέτι
891 364 1028 453 μέλλειν,
1067 376 1076 437 λ

73 463 149 536 ἀλλ’
167 461 272 545 εὐθύς
286 460 382 551 άγειν
398 464 454 532 ἐπὶ
472 462 534 551 τὴν
547 462 666 552 μάχην.
1041 494 1066 771 ,Ι

312 642 349 700 15.
368 644 559 698 ΑΝΤΙΟΧΟΣ
576 644 795 699 ΣΕΛΕΤΚΟΤ.
1068 602 1076 658 ἦ

148 768 329 858 Ἀντίοχος,
350 768 554 858 βουλόμενος
573 772 737 862 κρατῆσαι
759 774 968 860 Δαμασκοῦ,
991 767 1029 861 ἢν
1069 803 1076 847 ι

75 873 245 962 ἐφύλασσε
268 878 366 941 Δίων
387 877 601 960 Πτολεμαίου
631 869 830 960 στρατηγὸς,
856 872 1076 961 ἐπήγγειλειῑ

74 982 115 1064 τῇ
128 980 266 1067 στρατιᾷ
286 977 342 1044 καί
360 979 401 1064 τῇ
419 974 511 1065 χιόρηι
527 973 616 1063 πάση
642 973 815 1064 Περσικὴν
834 973 958 1065 ἑορτὴν
968 987 1028 1047 θα·
1072 1015 1076 1071 η

74 1078 215 1164 λιάζειν,
238 1077 423 1166 προστάξας
442 1074 546 1146 άπασι
570 1091 640 1155 τοῖς
668 1073 830 1165 ὑπάρχοις
853 1074 1031 1168 ἀμφιλαφῆ
1073 1118 1076 1173 η

74 1188 222 1270 κομίζειν
240 1177 380 1267 εὐωχίας
398 1178 627 1269 παρασκευήν.
653 1175 723 1267 Ἐφ’
740 1170 762 1269 ᾗ
782 1186 959 1268 πανταχοῦ
971 1208 1029 1253 πα·
1074 1222 1076 1266 ι

73 1289 310 1372 νηγυρίζοντος
325 1279 495 1369 Ἀντιόχου
515 1279 597 1369 μετά
616 1279 772 1368 πάντων,
794 1282 850 1352 καὶ
880 1279 899 1353 ὁ
925 1290 1031 1371 Δίαν,

75 1383 330 1472 πυνθανόμενος
336 1381 398 1472 τὴν
405 1381 540 1473 τρυφὴν
548 1388 605 1471 τῆς
613 1385 738 1474 ἑορτῆς,
750 1382 890 1471 ἐχάλασε
897 1383 938 1456 τό
950 1406 1029 1476 σφο·
1043 1419 1061 1460 ο

74 1486 159 1578 δρόν
177 1493 234 1576 τῆς
255 1491 419 1575 φυλακῆς.
461 1483 624 1573 Ἀντίοχος
638 1487 693 1573 δὲ,
719 1486 905 1576 προστάξας
922 1486 1033 1576 ἄπυρα

73 1597 162 1660 σιτία
173 1588 345 1678 τεσσάρων
359 1584 494 1677 ἡμερῶν
506 1596 669 1678 κομίζειν,
684 1586 787 1678 ἤγαγε
799 1587 862 1678 τὴν
877 1589 1033 1679 στρατιάν

74 1692 130 1763 διά
143 1720 178 1762 τε
191 1695 328 1782 ἐρημίας
337 1694 392 1762 καλ
407 1689 567 1781 άτραπύν
576 1683 823 1782 περικρήμνου,
836 1694 895 1762 καλ
906 1689 1031 1785 άπροσ·

74 1796 221 1885 δοκήτως
240 1795 415 1883 ἐπιφανείς
431 1800 521 1882 αι’ρεῖ
536 1792 722 1883 Δαμασκόν
728 1845 738 1881 ,
760 1799 896 1879 Δίωνος
916 1793 960 1867 ού
974 1802 1033 1868 δυ·

73 1903 236 1987 νηθέντος
253 1894 422 1985 ἀντισχεῖν
433 1893 589 1990 Ἀντιόχῳ
604 1895 755 1987 παρόντι.
1046 1906 1076 1985 ,Ι

217 2044 223 2054 ’
320 2074 360 2131 ια.
380 2076 570 2130 Αντιοχου
586 2077 790 2132 mmor.
869 2038 874 2047 ’

144 2199 312 2289 Ἀντίοχος
341 2198 529 2290 ἐπολιόρκει
551 2201 710 2291 Κύψελα,
741 2206 898 2297 Θρᾷτταν
922 2202 1034 2291 πόλιν,

73 2310 159 2393 ἔχειν
185 2302 250 2374 σύν
276 2299 367 2399 αύτῷ
391 2309 536 2397 Θρᾳκῶν
566 2300 770 2392 εὐπατρίδας
796 2302 961 2393 πολλούς,
988 2296 1035 2376 ὧν

71 2403 216 2497 ἡγοῦντο
239 2415 331 2495 Τίρις
352 2409 408 2476 καλ
427 2411 663 2496 Δρομιχαίτης.
698 2407 846 2489 Τούτους
865 2407 1033 2498 κοσμήσας

72 2524 245 2599 στρεπτοῖς
258 2524 393 2599 χρυσοῖς
405 2512 462 2579 καλ
475 2507 589 2590 ὅπλοις
602 2508 885 2599 όιργυροπάστοις,
906 2517 1030 2601 προῆλ·
1046 2543 1062 2583 υ

72 2623 138 2681 θεν
153 2613 208 2680 ἐπὶ
221 2610 283 2701 τὴν
300 2612 418 2701 μάχην.
455 2617 501 2682 Οί
512 2613 549 2682 δὲ
568 2610 633 2682 άπό
650 2619 719 2682 τῶν
732 2615 920 2702 Κνψέλωυ,
942 2613 1032 2684 ίδόν-

71 2740 126 2794 τες
145 2710 223 2793 τούς
243 2709 436 2802 ὁμοφύλους
457 2715 513 2783 καὶ
531 2711 765 2802 ὁμογλώσσους
784 2722 900 2808 πολλῷ
919 2720 1033 2810 χρυσῷ

71 2816 128 2885 καὶ
138 2813 274 2908 ἀργύρῳ
288 2818 568 2905 κεκοσμημένους,
582 2825 825 2906 μακαρίσαντες
838 2815 964 2900 αύτούς
977 2824 1033 2906 τῆς

72 2915 144 3007 μετ’
158 2915 328 3005 Ἀντιόχου
342 2924 533 3005 στρατείας,
547 2917 588 2986 τά
601 2916 688 2988 ὅπλα
702 2921 947 3009 καταβαλόντες
956 2919 1031 2990 Ἀν-

70 3021 168 3114 τιόχῳ
183 3004 389 3110 προσέθεντο
402 3021 458 3088 καὶ
471 3011 557 3109 ἦσαν
570 3017 644 3091 άντλ
665 3028 836 3111 πολεμίων
855 3023 1031 3114 σύμμαχοι.
1045 3047 1063 3087 κ

358 3197 397 3253 17.
415 3201 606 3254 ΑΝΤΙΟΧΟΣ
621 3197 743 3261 ΙΕΡΑΞ.

138 3318 320 3411 Ἀντίοχος,
334 3322 508 3393 Σελεύκου
521 3329 582 3393 τού
597 3321 748 3413 ἀδελφοῦ
762 3322 925 3415 ἀποστάς,
945 3335 1030 3418 ἔφυ-

70 3451 131 3510 γεν
153 3430 200 3505 είς
212 3423 273 3513 τὴν
288 3428 408 3514 Μέσην
420 3429 489 3494 τοῖν
509 3433 668 3516 ποταμοῖν
688 3425 773 3498 ὅθεν
792 3431 847 3499 καλ
872 3428 953 3512 τούς
969 3431 1032 3520 μὲν

67 3522 249 3616 Ἀρμενίων
262 3524 362 3617 ὅρους
382 3526 563 3598 διελθόντα
578 3536 676 3618 φίλος
698 3525 747 3601 ύν
764 3527 929 3623 Ἀρσάμης
946 3530 1030 3605 ύπε-
