2318 3892
424 185 654 247 ΔΕΥΤΕΡΟΝ.
976 183 1013 246 81

10 373 18 412 ²
58 357 224 446 τραύμασι
260 354 451 446 περιπεσών
488 357 574 427 έάλω
607 354 673 427 σύν
711 354 823 436 άλλοις
854 364 1017 428 πλείοσιν.

10 457 163 543 λ”Εδοξε
182 476 250 541 τοῖς
271 460 428 530 Λάκωσιν
456 456 605 541 ἅπαντας
630 467 910 549 κατακρημνίσαι,
939 459 1018 540 τούς

20 583 23 620 i
55 564 121 652 μὲν
147 561 269 643 άλλονς
296 562 461 651 γυμνούς,
488 563 547 634 τὸν
566 562 604 633 δέ
619 561 855 653 Ἀριστομένην
879 562 934 633 διὰ
955 563 1017 653 τήν

57 667 160 748 δόξαν
184 672 241 755 τής
262 664 381 761 άρετής
401 664 439 736 ἓν
457 681 533 746 τοῖς,
543 663 668 747 ὅπλοις.
715 671 761 735 Οί
776 667 839 757 μὲν
860 665 901 755 δή
921 665 1016 737 άλλοι

10 786 39 836 Ιτ
59 771 318 899 κατενεχθέντες
338 774 535 858 παραχρῆμα
549 769 783 896 ἐτελεύτησαν
806 797 866 838 του
852 767 940 838 ”²55
934 780 1016 859 Αρι-

10 891 29 940 Ι.
57 868 274 997 στομένονςή
296 869 413 957 άσπὶς,
442 870 649 961 εφελκομένη
670 871 730 942 τὸν
745 869 842 960 άέρα,
864 869 1018 998 ἐλμηρῶς

10 995 29 1037 Ι
58 973 163 1045 αύτόν
188 972 303 1044 ἐπὶ
266 1003 328 1065 την
349 981 413 1065 χήν
433 975 649 1101 κατήνεχκεη.
688 972 723 1043 Ὁ
744 972 835 1062 δδ,’
822 1004 856 1055 ες
874 975 911 1046 τὸ
932 973 1017 1059 ύύος

10 1094 29 1140 Ι
59 1075 260 1202 άηαβλέπων
273 1081 329 1147 καί
342 1077 420 1158 τούς
432 1077 602 1168 κρημνούς
616 1075 654 1148 έν
663 1078 776 1172 κύκλῳ
790 1080 1015 1204 περιέχοντας,

10 1203 27 1243 ⁸
57 1177 122 1250 ούκ
141 1178 244 1269 άνήκε
262 1187 320 1271 τῆς
337 1178 488 1268 ἐλπίδος,
509 1178 593 1251 άλλά
613 1179 651 1251 τὸ
676 1179 854 1270 σύμπαν”
835 1209 912 1270 ορος
932 1179 1015 1251 άνα-

10 1284 37 1347 ἰν
57 1284 304 1372 σκοπούμενος,
330 1283 535 1374 κατανοήσας
554 1291 707 1355 είσδνσιν
733 1283 942 1374 στενωτάτην
960 1287 1017 1354 καὶ

13 1408 21 1448 1
56 1385 104 1456 δι’
136 1384 237 1476 αύτής
265 1386 439 1468 άλύπεκας
466 1389 650 1476 εἰσιούσας,
679 1385 833 1484 άπδζτιόν
852 1390 1017 1476 κειμένων

10 1491 17 1568 ί
54 1497 190 1579 νεκρῶν
214 1488 336 1560 ὀστούν
360 1491 502 1576 κλάσας,
530 1496 607 1580 μιάς
626 1494 695 1560 τῶν
713 1488 897 1561 ἀλωπέκων
917 1490 1016 1578 λαβό-

10 1616 12 1636 ¹
53 1622 157 1683 μενος
174 1598 232 1681 τής
252 1592 364 1683 ούράς,
385 1592 561 1689 ἑλκόμενος
574 1589 638 1662 ὑπ’
658 1589 762 1682 αύτής
786 1593 1017 1678 σννεξεδύετο,
1109 1622 1116 1631 “

54 1697 99 1766 τά
131 1696 316 1784 στενόπορα
348 1701 408 1764 τοῦ
438 1693 537 1781 ὄρους
569 1723 614 1764 τω
648 1693 733 1788 ὀστῷ
760 1721 935 1783 παραιρων
962 1698 1019 1764 καὶ

10 1818 25 1858 ⁵
59 1797 302 1922 παραηύπτων,
323 1796 431 1868 καὶ
397 1826 434 1867 το
448 1809 488 1850 **
504 1799 715 1880 σννεξέδεεν.
740 1800 809 1868 Καὶ
830 1796 879 1887 δή
892 1801 1017 1880 διεξελ-

55 1899 168 1970 θύν
152 1928 234 1989 ηκεν
253 1906 299 1981 είς
317 1899 394 1981 τούς
407 1906 601 1989 Μεσηνίους
615 1903 768 1991 προϊέναι
784 1899 998 1992 μέλλοντας’
984 1929 1019 1982 ες

55 2003 184 2093 μάχην,
216 2006 272 2072 καί
303 2001 423 2074 αὐτίκα
449 2000 670 2094 ὁπλισάμενος
696 2002 796 2086 αύτδς
822 2001 935 2128 ήχείτο
961 2011 1018 2095 τῆς

55 2105 238 2195 φάλαγγος.
263 2112 308 2176 Οἱ
322 2108 360 2177 δὲ
374 2106 547 2193 Λάκωνες,
558 2105 794 2198 Ἀριστομένην
810 2106 912 2179 πάλιν
926 2108 1016 2178 ίδὸν-

54 2237 111 2290 τες
122 2207 159 2278 έν
168 2225 236 2291 τοϊς
245 2207 369 2297 ὅπλοις,
379 2211 479 2281 πάλιν
486 2208 716 2300 άριστεύοντα,
726 2212 827 2282 πάλιν
841 2212 1018 2296 διώκοντα,

10 2331 35 2374 )
57 2311 117 2383 τὸν
138 2316 348 2402 βεβλημένον
368 2313 452 2383 κατά
471 2320 541 2382 τύν
561 2319 737 2403 κρημνῶν,
758 2311 820 2401 ἀφ’
838 2305 886 2382 ὧν
906 2311 1019 2393 οὐδεὶς

57 2415 173 2503 ἐσύθη
193 2416 336 2501 πύποτε,
349 2416 470 2497 πάντες
484 2413 660 2487 ἐνέκλιναν
681 2423 729 2496 είς
743 2413 874 2505 φυγήν,
892 2421 1019 2504 θνητής

59 2520 197 2608 φύσεως
217 2527 351 2608 μείζονα
372 2519 458 2589 εἶναι
472 2517 535 2588 τὸν
545 2517 653 2607 ἄνδρα
666 2515 856 2607 ἡγούμενοι.

132 2620 364 2712 Ἀριστομένης
377 2622 566 2712 Μενήνιος,
583 2622 788 2710 αἰχμάλωτος
802 2617 869 2692 ὑπὸ
883 2626 1069 2710 Amnum)

58 2731 246 2813 δαιμονίων
265 2727 321 2797 καί
344 2721 612 2816 φρουρούμενος,
635 2724 777 2808 [τούτων
790 2729 1020 2815 κοιμωμένων]

12 2850 41 2893 5
59 2834 106 2922 τῷ
121 2831 354 2924 παρακειμένῳ
369 2831 452 2920 πυρί
466 2828 709 2916 προσεκύλισεν
724 2827 860 2916 ἑαυτὸν,
874 2831 930 2898 καὶ
943 2827 1022 2907 τούς

59 2931 203 3021 δεσμοὺς
215 2931 425 3013 κατακαύσας
437 2931 516 3012 τούς
524 2931 586 3020 μέν
600 2932 751 3021 φύλακας
763 2930 892 3002 άνελλε·
908 2930 1023 3020 κρύφα

61 3035 100 3104 δέ
122 3038 156 3117 ές
175 3033 238 3124 τήν
259 3035 423 3125 Σπάρτην
443 3035 627 3125 παρελθών
645 3038 701 3104 καί
720 3033 778 3116 τάς
795 3033 938 3112 άσπίδας
959 3030 1020 3102 αύ-

59 3142 129 3208 τῶν
154 3139 370 3230 προσηλώσας
395 3143 443 3231 τῷ
463 3141 592 3226 τεμένει
613 3144 669 3227 τής
691 3144 896 3208 Χαλκιοίκου
904 3188 914 3223 ,
945 3133 1020 3205 ε’πέ-

60 3255 209 3332 χραψεν·
233 3239 464 3330 Ἀριστομένης
484 3238 550 3311 άπὸ
545 3247 847 3368 Λακεδαιμοηίων
873 3236 1022 3328 ἀβλαβής

10 3350 45 3398 ³⁰
64 3344 234 3434 άνεσύδη.
272 3349 375 3414 Τοῦτο
389 3344 527 3434 ποιήσας
541 3373 574 3425 ες
588 3344 753 3433 Μεσήνην
766 3340 947 3432 ἓπανήλδε.

132 3445 365 3538 Ἀριστομένης
379 3475 396 3517 ο
384 3443 599 3537 ’Μεσήνιος,
613 3453 891 3560 Λακεδαιμονίων
909 3443 995 3515 πάν·
981 3447 1057 3532 -4(3
1057 3451 1071 3533 )

60 3557 309 3642 δημονθυσίαν
330 3565 398 3633 τοῖς
411 3550 632 3641 Διοσκούροις
655 3533 917 3637 ἐπιτελούντων,
940 3547 1022 3640 μετὰ
1108 3637 1116 3650 Ι

114 3684 243 3720 Pomm
263 3682 357 3720 απελτ.
856 3667 875 3727 6
1042 3678 1045 3684 ·
