2318 3892
330 868 513 940 ειοαιοα
538 867 773 958 τοιουτου.
821 834 824 845 '

149 1091 227 1172 Καὶ
247 1102 325 1173 τόδε
348 1100 430 1192 ὑμῖν
450 1107 600 1192 πέμπτον
613 1109 766 1192 βιβλίον,
789 1098 965 1191 ἱερώταται
978 1109 1023 1192 βτ·
1048 1122 1058 1158 ¹¹

73 1217 177 1288 σιλεϊς
196 1204 372 1276 Ἀντωνίνε
395 1208 451 1275 καὶ
480 1203 611 1295 Οάήρε,
635 1204 815 1294 προσφέρω
834 1210 906 1276 τών
923 1212 1024 1295 Στρα·
1048 1224 1057 1261 1

73 1311 289 1400 τηγημάτων,
316 1307 376 1396 οὐχ
390 1305 497 1389 οὕτως
511 1307 656 1396 ἐμαυτὸν
670 1305 762 1390 άξιον
776 1310 919 1379 ἐπαίνου
933 1304 1025 1399 ήγοά·
1050 1324 1058 1368 t

73 1441 172 1501 μενος
187 1415 242 1482 ἐπὶ
260 1417 306 1503 τῷ
327 1408 556 1501 συγγράφειν,
579 1407 622 1490 ώς
642 1407 729 1498 ὑμᾶς
748 1412 803 1479 ἐπὶ
822 1417 871 1504 τῷ
883 1409 1026 1482 σπουδά·
1052 1431 1058 1468 ¹

73 1525 142 1600 ζειν
167 1513 411 1602 ἀναγινώσκειν
436 1519 581 1584 τοσαῦτα
617 1513 876 1602 συγγράμματα,
895 1512 1027 1589 ,τοσαά-
1054 1540 1058 1567 ¹

73 1647 130 1708 της
144 1617 245 1707 ἀρχῆς
259 1617 518 1706 προεστηκότας·
532 1622 612 1686 νυνί
628 1644 666 1703 γε
678 1614 746 1705 μήν
760 1615 923 1704 μάλιστα,
934 1613 1030 1688 -ὅπότε

74 1720 118 1810 μή
137 1721 241 1810 μόνον
261 1717 302 1789 τά
324 1724 438 1789 δίκαια
452 1723 515 1808 ,τῆς
537 1717 669 1807 εἰρήνης
683 1718 933 1807 πρυτανεάετε,
954 1717 1033 1790 άλλά

73 1827 129 1894 καὶ
149 1822 190 1893 τά
211 1829 291 1911 ἔργα
310 1828 371 1890 τοῦ
385 1826 533 1908 πολέμου
553 1821 767 1907 διατάσσετε,
789 1821 961 1894 καὶτοῦτο
975 1821 1033 1911 άρτ

73 1925 286 2013 στρατήγημα
301 1932 396 2011 νίκης
410 1920 612 2012 ήγοάμενοι,
636 1930 668 1993 εί
689 1920 734 1992 δι’
759 1914 808 1993 ών
828 1928 1035 2015 ἐνίκησανσί

75 2029 209 2097 παλαιοί
236 2028 430 2115 στρατηγοί,
457 2032 561 2094 ταῦτα
589 2026 891 2114 καταμανθάνοιτε.
923 2037 1031 2109 ,Βαστ-

75 2136 170 2200 λεάσι
194 2127 259 2218 γάρ
280 2128 426 2217 πόλεμον
452 2128 648 2199 ἐκτάσσουσι
675 2129 858 2219 προσήκειν
882 2125 1033 2219 ὖπολαμ·

75 2233 214 2321 βάνετε,
230 2246 407 2302 κατανοεῖν
422 2237 532 2320 ἔργων
548 2229 733 2319 άγώνισμα.
760 2232 882 2320 Λόγων
897 2232 962 2321 μὲν
975 2231 1032 2322 γάρ

74 2332 205 2424 σπουδή
227 2349 296 2416 τοῖς
311 2331 430 2422 άγουσι
445 2332 569 2458 σχολήν
588 2340 698 2423 χρῆμα
714 2331 903 2424 ώφέλιμονὸ
928 2342 1034 2424 ἔργων
1057 2388 1058 2412 2

74 2439 111 2507 δε
127 2436 288 2526 ἐπιστήμη
308 2452 377 2517 τοῖς
391 2433 543 2505 οπλων”
522 2458 684 2527 αρχουσιν
701 2434 819 2526 άρίστη
835 2438 1031 2516 διδάσκαλος
1055 2464 1058 2500 2

75 2530 123 2608 ὧν
145 2568 207 2629 χρη
229 2546 314 2663 δρᾶν
343 2537 427 2608 κατά
446 2545 545 2629 ζήλου
563 2545 632 2609 τών
653 2538 755 2609 πάλαι
784 2540 1028 2630 κρατησάντων.
1054 2565 1058 2602 ³

65 2639 177 2721 Ὅπως
203 2645 266 2711 οὐν
296 2643 457 2728 ζηλώσετε
481 2639 540 2721 τάς
566 2647 635 2710 τών
660 2639 808 2730 άρχαίων
835 2640 958 2732 άρετάς
982 2643 1029 2713 καί
1054 2670 1058 2708 ι

74 2749 186 2828 νίκας,
201 2740 285 2812 αάτα
274 2741 451 2826 δείξει
415 2772 455 2811 τα
469 2742 731 2831 στρατηγήματα

448 2921 468 2974 l.
489 2923 662 2975 ΦΑΛΑΡΙΣ.

44 3073 54 3121 1
153 3048 301 3135 Φάλαρις
327 3043 580 3134 Ἀκραγαντῖνος
600 3045 766 3134 τελώνης,
792 3055 860 3117 τών
891 3055 1029 3120 πολιτών

75 3149 319 3219 κατασκευάσαι
346 3148 563 3235 βουλομένων
588 3146 671 3229 Διὸς
692 3154 841 3233 Πολιέως
860 3151 950 3222 νεών
972 3149 1029 3222 άπὸ

76 3253 104 3323 τ’
125 3252 299 3322 ταλάντων
320 3252 373 3319 ἐπὶ
393 3255 451 3338 τῆς
471 3247 592 3338 άκρας,
615 3249 659 3332 ὡς
680 3253 872 3341 πετρώδους
892 3257 1028 3325 καλστε-
1055 3236 1058 3329 λ

77 3354 266 3443 ρεωτάτης,”
279 3355 335 3421 καὶ
355 3350 464 3433 άλλως
482 3349 582 3433 ὁσίως
601 3349 643 3423 άν
658 3359 734 3441 ἔχον
755 3358 793 3425 ἐν
807 3352 967 3451 ὖψηλάτητ
980 3355 1032 3427 τὸν

77 3456 160 3528 θεὸν
184 3456 410 3546 ἱδρύσασθαι,
438 3453 537 3537 αὐτὸς
556 3452 717 3546 ὑπίσχετο
749 3463 810 3528 τοῦ
835 3465 937 3549 ἔργου
965 3462 1030 3530 ἐπι·
