2318 3892
440 187 668 251 τκυκοτοα.
958 189 1034 268 Ιτοο

68 378 175 450 μονα·
192 355 407 450 Ἀλέξανδρος
420 359 459 431 δὲ
472 362 711 448 κατεγέλασεν,
733 356 779 441 ὡς
792 367 1035 452 κακοδαίμονος

69 465 130 533 καί
143 461 272 553 μακράς
285 461 440 552 ἀσχολίας
454 463 608 554 ἐχούσης,
628 461 713 533 ὥστε
726 465 782 541 καὶ
795 463 855 535 τόν
868 472 981 554 κίονα,
996 472 1035 537 έν

69 557 213 659 ᾦταύτα
222 569 416 657 ἐγέγραπτο,
431 577 591 638 καθελεῖν
603 569 817 653 προσέταξεν,
832 567 938 639 είποόν
951 569 1034 658 πρός
1117 647 1120 653 ,

69 667 149 751 τούς
176 678 312 758 φίλους·
341 664 532 758 ”ούδαμοῖς
552 674 718 758 συμφέρει
744 686 813 750 τοῖς
836 678 1033 759 βασιλεῦσιν

71 768 180 852 οὕτως
200 769 336 851 ἀσύτως
359 778 511 842 δειπνεῖν
538 773 778 843 διδάσκεσθαι·
806 770 937 863 ἀνάγκη
967 773 1032 865 γάρ

68 879 110 964 τῇ
124 873 370 966 πολλῇάσωτίηι
391 876 449 944 καὶ
462 881 576 964 τρυφῇ
597 875 725 964 πολλὴν
743 871 931 964 ἀνανδρίαν
953 881 1030 947 ἕπε-

69 988 168 1047 σθαι·
182 973 281 1064 ὁρᾶτε
296 979 333 1048 δὲ
342 980 398 1048 καὶ
411 976 489 1058 τοὺς
501 979 709 1067 τηλικούτων
718 983 867 1048 δείπνων
882 990 1030 1069 τιμπλα-

68 1081 190 1168 μένους
208 1083 247 1150 έν
259 1097 330 1163 ταῖς
343 1081 462 1170 μάχοιις
475 1084 598 1169 ταχέως
611 1076 849 1171 ἡττωμένους.”

399 1262 426 1318 4.
445 1263 696 1317 ΑΝΤΙΠΑΤΡΟΣ.

140 1384 371 1474 Ἀντίπατρος,
403 1391 440 1457 έν
465 1393 507 1478 τῇ
538 1393 809 1476 Τετραχωριτων·
824 1389 1060 1477 στρατεύων,ι

64 1493 159 1594 ἔταξε
177 1488 237 1560 τόν
256 1489 376 1577 χόρτον
394 1497 463 1560 των
484 1497 599 1560 ἵππων
622 1496 787 1580 ἐμπρῆσαι
810 1490 869 1561 τόν
890 1495 968 1578 περὶ
986 1500 1027 1582 τῇ

62 1598 183 1682 σκηνῇ.
208 1597 252 1661 OC
258 1593 320 1681 μὲν
334 1595 532 1682 ἐνέπρησαν·
547 1591 565 1663 ὁ
579 1594 615 1663 δὲ
630 1591 835 1681 σαλπιγκτὴς
849 1595 1025 1682 ἐσήμηνεν·

62 1702 99 1767 ολ
105 1696 145 1766 δὲ
153 1695 352 1775 Μακεδόνες
366 1699 443 1783 περὶ
456 1695 518 1785 τὴν
525 1693 654 1784 σκηνὴν
662 1694 869 1784 ἠθροίζοντο,
877 1701 1027 1787 μετέωρα

61 1797 255 1889 ἔχοντεςτά
270 1798 405 1887 δόρατα.
445 1805 556 1868 Ταῦτα
571 1798 701 1877 ίδόντες
720 1803 754 1868 ολ
768 1807 1024 1887 Τετραχωρῑται,

60 1903 332 1987 καταπλαγέντες
344 1903 496 1984 ἐξέλιπον
509 1899 546 1971 τό
561 1909 700 1992 χωρίον·
723 1899 842 1990 ἀμαχεὶ
863 1903 900 1972 δὲ
916 1900 1023 1974 Ἀντί·

61 2032 188 2095 πατρος
202 2004 394 2094 ε’κράτησεν.

135 2105 351 2196 ’ίυτίπατρος
376 2104 435 2176 τόν
454 2102 644 2194 Σπερχειόν
671 2109 829 2194 διαβῆναι
856 2104 1060 2195 ἐβούλετογ

61 2215 241 2280 Θετταλῶν
256 2211 292 2279 δὲ
313 2211 443 2279 ἱππέων
463 2209 667 2280 κωλυόντων
689 2214 894 2296 διαβαίνειν,
925 2207 942 2279 ὁ
962 2211 1025 2298 μὲν

59 2311 123 2400 τὴν
138 2312 286 2400 δύναμιν
307 2309 480 2401 ἀπήγαγεν
500 2317 548 2390 είς
568 2309 630 2399 τὴν
643 2306 749 2378 αὑτοῦ
763 2318 1026 2398 στρατοπεδείαν

60 2418 119 2485 καλ
130 2414 334 2505 παρήγγειλε
347 2430 416 2494 τοῖς
430 2413 622 2496 Μακεδόσι,
643 2413 759 2498 μένειν
773 2415 811 2482 ἐν
828 2429 897 2494 τοῖς
911 2412 1027 2494 ὅπλοις

59 2520 118 2588 καί
135 2517 176 2588 τὰ
189 2517 383 2606 σκευοφόρα
396 2514 445 2606 μὴ
462 2515 567 2586 λύειν.
604 2520 649 2584 Οί
661 2515 823 2584 Θετταλοὶ
845 2516 882 2586 δὲ
905 2522 952 2596 είς
964 2515 1027 2605 τὴν

59 2630 195 2711 Λαμίαν
220 2619 511 2710 ἀφιππεύσαντες,
548 2615 825 2708 ἠριστοποιοῦντο
858 2618 942 2688 κατά
968 2617 1027 2699 τάς

59 2731 177 2805 οίκίας.
210 2720 426 2814 Ἀντίπατρος
439 2718 479 2756 **
492 2720 552 2792 τὸν
566 2717 716 2808 ποταμόν
729 2721 787 2789 καὶ
805 2722 942 2808 φθάσας
956 2729 1025 2793 διε·

59 2834 180 2915 βίβασε
194 2825 255 2917 τὴν
269 2825 427 2916 δύναμιν,
441 2826 522 2913 πρὶν
537 2827 745 2913 έκβοηδησαι
760 2825 957 2912 Θετταλούς,
971 2828 1028 2894 καὶ

60 2930 261 3019 κατελάβετο
273 2927 336 3019 τὴν
347 2935 483 3018 Λαμίαν
495 2926 706 3017 προσπεσόν.

131 3030 349 3122 Ἀντίπατρος
361 3035 400 3102 ἐν
414 3029 599 3119 Θετταλία,
616 3029 821 3118 βουλόμενος
834 3038 1024 3116 φαντασίαν
1041 3055 1059 3109 3

60 3152 128 3216 τοῖς
152 3143 323 3224 πολεμίοις
345 3148 530 3223 παρασχεῖν
544 3134 675 3202 ἱππέων
695 3135 848 3216 πολλῶν,
875 3150 1023 3218 συναγα-

59 3238 130 3325 γιδν
145 3236 246 3318 όνους
258 3233 404 3317 πολλούς
418 3238 476 3305 καὶ
489 3232 650 3325 ἡμιόνους
663 3235 845 3314 συνέταξεν
860 3236 909 3312 είς
922 3243 1024 3318 είλας,

57 3345 114 3412 καλ
139 3339 344 3429 ἀνεβίβασεν
378 3337 504 3427 ἀνδρας
537 3335 672 3409 ὅπλισιν
700 3334 842 3422 ἱππικὴν
870 3341 1023 3424 ἔχοντας·

57 3447 220 3535 προέταξε
236 3444 274 3513 δὲ
288 3442 408 3531 ἕκάστη
424 3452 496 3531 είλη
510 3440 568 3512 τόν
583 3445 717 3530 πρωτον
733 3436 833 3526 ζυγόν
846 3436 1023 3526 ἀληθινῶν

55 3549 200 3620 ἱππέων.
238 3545 386 3626 Τούτους
408 3541 554 3632 ὁρῶντες
565 3547 601 3615 οί
610 3544 764 3632 πολέμιοι
778 3544 836 3612 καὶ
848 3539 928 3623 τοὺς
943 3543 1020 3612 ἑπο-
