2318 3892
104 191 163 253 174
491 188 679 250 ΒΙΒΛΙΟΝ
943 218 951 225 -
1065 39 1073 239 δ

101 362 159 442 τάς
173 356 299 452 ὀροφάς
310 363 381 429 τάν
393 359 668 486 οἰκοδομημάτων
682 355 860 446 διελεῖν,
840 370 933 442 οπως
945 356 964 431 6
971 375 1052 488 σλτρς
1076 342 1086 505 6

101 462 244 553 ὑόμενος
265 468 487 550 κατασαπείη·
514 462 576 532 τὸν
598 463 636 533 δὲ
661 463 869 551 θερισθίντα
896 463 985 534 κατά
1007 463 1086 559 τάςδί

101 566 277 656 συνθήκας
289 562 390 645 αὐτὸς
402 563 448 634 άπ
451 568 581 654 ἐ.λαβεν
604 556 865 654 Ἀναγκαίως
823 593 908 655 ουν,
930 566 993 637 τόν
1004 566 1086 656 66⁰

102 669 168 740 άπὸ
188 675 246 758 τής
265 667 376 756 χώρας
402 671 569 759 Φαλάριδι
592 666 792 756 άτιοδόντες,
818 666 879 738 τόν
906 669 946 740 δδ
968 673 1051 758 ἐντή
1074 670 1086 711 ¹⁰

102 772 199 843 πόλει
220 771 474 859 διεφθαρμένον
490 768 663 863 εὑρόντες,
687 767 886 862 ὑπήκουσαν
902 769 997 868 αάτω
983 769 1052 843 δά
1074 773 1086 832 δ

105 875 168 964 τήν
184 880 365 944 σιτοδείαν.
921 908 924 913 ·
1074 875 1086 929 ¹!

69 975 86 1028 4
180 978 329 1065 Φάλαρις
353 975 436 1067 πρὸς
465 981 592 1045 Τοῦτον
618 971 763 1066 άρχοντα
785 972 956 1064 Οάέσσης,
980 970 1052 1064 ήτιρ

103 1077 386 1169 εὐδαιμονεστάτη
400 1079 457 1148 καί
470 1085 609 1168 μεγίστη
626 1083 787 1149 Σικαναόυ
808 1078 922 1165 πόλις,
936 1083 1053 1167 ἔπεμψε
1075 1083 1086 1124 ²

102 1181 180 1264 τοὺς
203 1185 491 1272 μνηστευομένους
513 1179 603 1275 αὐτῷ
631 1180 693 1270 τήν
717 1179 850 1251 ἐκείνου
879 1183 1053 1271 θυγατέρα.
1076 1186 1086 1227 ‘¹

98 1282 340 1373 ’λ’ποσχομένου
360 1284 413 1369 δὲ,
433 1283 635 1375 στρατιώτας
647 1281 822 1372 ἀγενείους
835 1285 892 1354 ἐπὶ
908 1290 980 1355 τῶν
992 1291 1053 1369 ξεν-
1077 1285 1086 1328 ''

102 1394 174 1475 γαόν
187 1393 331 1468 καθίσας
345 1391 490 1475 ἔπεμψε,
516 1385 634 1468 στολάς
654 1393 829 1475 γυναικοῖν
844 1393 1002 1475 ἔχοντας,
1021 1381 1056 1466 άς
1078 1393 1086 1433 ¹

102 1495 347 1580 θεραπαινίδας
375 1495 468 1577 δῶρα
490 1495 531 1579 τή
557 1489 640 1580 κόρη
666 1490 873 1580 κομιζούσας.
911 1486 1005 1560 Ἐπεὶ
1027 1487 1086 1559 6¹

102 1593 326 1682 κατελάβοντο
342 1592 404 1682 τήν
417 1598 546 1680 οίκίαν,
566 1598 601 1662 oc
616 1593 679 1682 μὲν
700 1592 759 1674 τάς
778 1601 943 1684 μαχαίρας
963 1589 1056 1664 ἐσπά·
1081 1598 1086 1636 ‘

102 1720 219 1783 σαντο,
247 1694 396 1788 Φάλαρις
422 1693 455 1766 δ’
486 1693 591 1776 εὐθὺς
617 1699 794 1785 ἐπιφανεὶς
816 1695 880 1786 τήν
907 1693 1058 1768 Οάόσσαν

102 1799 310 1889 ἐχειρώσατο.

452 1977 477 2031 2.
496 1979 712 2035 ΔΙΟΝΥΣΙΟΣ.
1075 1902 1086 2161 6

68 2119 83 2170 1
179 2103 365 2174 Διονύσιον
386 2110 544 2182 Σικελίας
569 2102 740 2191 τύραννον
765 2101 926 2193 ὥρμησαν
952 2108 989 2174 oc
1011 2131 1060 2192 μι-

102 2206 280 2333 σθρφόροι
290 2219 437 2291 κτεῖναι,
466 2202 588 2295 άθρόοι
615 2205 756 2295 τήνιι
703 2212 756 2276 οίιι
757 2214 815 2277 ίαν
834 2204 941 2277 αὐτοῦ
969 2233 1059 2294 περι·

102 2308 240 2389 στάντες
260 2306 326 2378 άπὸ
347 2306 571 2397 συνθήματος.
608 2305 643 2377 O
665 2310 703 2379 δὲ
722 2315 914 2434 προήλθεν,
939 2312 1061 2399 ἐσθῆτα

102 2410 254 2502 ἐλεεινήν
273 2408 388 2500 λαβων
410 2413 467 2480 καὶ
489 2417 547 2501 τής
569 2412 673 2501 κόμης
691 2411 787 2484 κόνιν
806 2413 1058 2502 καταχεάμενος,

102 2516 258 2606 ταρίχων
278 2513 399 2584 ἑαυτὸν
420 2511 610 2584 ἔκδοτον
587 2542 632 2595 ως
658 2513 836 2603 βούλοιντο
863 2515 1058 2639 χρήσασθαι.
1084 2530 1086 2561 ¹

103 2623 149 2687 Οί
166 2617 391 2707 μισθοφόροι,
409 2615 538 2742 τήυς
491 2625 538 2698 είς
555 2616 593 2687 τό
616 2617 776 2689 ταπεινὸν
795 2615 901 2690 αὐτοῦ
921 2625 1086 2746 μεταβοξ

101 2719 165 2809 λὴυ
186 2719 399 2808 ἐλεήσαντες,
425 2717 580 2789 άθοόον’
562 2725 709 2807 αφήκαν.
743 2720 927 2848 Διονύσιρς
950 2718 1058 2799 οὗτός
1082 2731 1086 2767 ²

101 2820 234 2912 μακράν
253 2823 291 2890 ἐν
304 2826 498 2903 Λεοντίνοις
519 2822 719 2911 περιστήσας
738 2821 836 2894 αὐτοι
837 2823 929 2914 ςτήν
943 2826 1058 2895 ἑαυτοῦ
1082 2832 1086 2872 ¹

102 2925 265 3014 δύναμιν,
280 2920 689 3012 άπανταςκατηκόντισευ.
1084 2918 1086 2957 ³

67 3047 85 3098 2
175 3024 356 3106 Διονύσιος
377 3021 635 3153 Ἑρμοκράτους,
663 3022 958 3117 Συρακουσίοις’
938 3052 1056 3116 υπηρε-

101 3137 169 3200 τάν
182 3132 239 3199 καὶ
252 3131 497 3219 γραμματεύων
509 3145 579 3211 τοῖς
591 3146 803 3220 στρατηγοῖς,
818 3133 857 3201 ἐν
869 3134 917 3224 τῷ
930 3131 1058 3221 πολέμῳ

102 3239 171 3327 [τῷ]
194 3231 277 3321 πρδς
300 3236 552 3321 Καρχηδονίους
581 3227 782 3320 ἡττωμένων
811 3232 971 3314 πολλάκις
992 3240 1058 3302 Σν·

103 3343 292 3425 ρακουσίωυ
312 3336 367 3406 καὶ
389 3333 467 3416 τοὺς
491 3334 696 3425 στρατηγοὺς
717 3337 944 3425 αίτιωμέυωυ,
971 3335 1058 3406 ἕτόλ·

102 3457 186 3526 μησε
206 3443 387 3526 προδοσίας
413 3434 535 3520 αὐτοὺς
558 3438 765 3528 γράψασθαι.
809 3445 855 3510 Οί
868 3439 932 3529 μδν
950 3436 1086 3510 αὐτότί1

105 3540 256 3611 ἑάλωσαν
275 3536 483 3628 άποθαυελν,
512 3546 548 3612 οί
565 3541 604 3612 δὲ
615 3558 749 3630 φυγεῖν.
785 3538 821 3611 ‘0
839 3543 896 3630 δὲ,
924 3537 970 3623 αἱς
991 3544 1058 3613 άπι-
