2318 3892
104 143 166 207 308
491 140 673 202 BIBAION

65 310 68 315 ¹
105 319 347 405 περαιοῦσθαι,
382 308 400 382 ὅ
430 310 601 401 Σεβαστὸς
629 310 690 382 τὸν
711 309 849 401 Ἀδρίαν
874 310 991 386 ἀκινδτ

109 418 312 497 διαπλεύσας
325 421 365 506 τή
379 422 579 507 Μακεδονίᾳ
592 417 784 505 προσέσχεν.

471 579 512 636 25.
532 580 698 632 ΡΩΜΑΙΟΙ.
805 594 809 604 ·

72 755 87 805 l
178 721 329 812 Ῥωμαῖοι
340 727 479 792 Κελτῶν
500 720 563 811 τήν
584 721 683 791 πόλιν
703 719 879 810 λαβόντων
893 734 991 793 συνθ

106 826 189 918 πρὸς
202 824 324 905 αὐτοῦς
339 826 547 915 ἐγράψαντο,
570 829 697 915 φόρους
710 812 837 910 τελεῖν,
859 825 974 915 πύλην
990 871 991 890 τ

107 933 261 1025 μγμένην
286 931 444 1016 παρέχειν
470 926 526 998 διά
553 926 678 1008 παντὸς
702 930 759 997 καὶ
785 934 850 1018 μήν
874 929 991 1016 έργάσι

104 1035 227 1104 Κελτοὶ
241 1033 302 1122 μὲν
317 1033 371 1100 ε’πὶ
392 1029 522 1113 τούτοις
535 1034 836 1122 ἐστρατοπέδευον·
852 1027 991 1121 Ῥωμαῖα

106 1135 151 1219 ῦς
166 1143 276 1225 φίλοις
290 1137 380 1217 ξένια
394 1133 503 1204 πολλὰ
520 1141 674 1222 ἔπεμψαν
690 1137 747 1204 καὶ
760 1135 856 1205 οἶνον
871 1136 989 1224 πάμπο

107 1246 153 1309 OC
166 1239 348 1327 βάρβαροι,
370 1237 473 1325 φύσει
493 1237 530 1307 δὲ
547 1237 584 1307 τδ
602 1236 768 1308 Κελτικὸν
781 1234 986 1328 ῦπέροινον,

104 1340 168 1411 λῦν
186 1340 392 1429 ἀρυσάμενοι
412 1338 471 1410 τὸν
491 1339 586 1410 οἶνον
603 1336 670 1410 ὑπὸ
689 1343 796 1429 μέθης
817 1346 965 1411 ἔκειντο·
987 1339 991 1363 ‘

103 1460 194 1534 μαῖοι
220 1444 257 1513 δὲ
285 1443 488 1524 ἐπελθόντες
515 1440 665 1523 ἅπαντας
690 1447 892 1526 κατέκοψαν.
926 1441 991 1513 Ἵνι

103 1546 186 1618 κατά
214 1545 272 1626 τὰς
301 1546 475 1635 συνθήκας
507 1543 638 1616 ἅπαντα
665 1553 802 1636 ποιήσαι
831 1552 984 1632 δοκοῖεν,

103 1655 226 1742 πέτρας
253 1647 467 1740 ἀπροσβάτου
496 1648 607 1737 πύλην
635 1645 855 1742 ἀνεῳγμένην
882 1670 991 1721 κατεσι

103 1777 199 1824 θέσαν.

70 1879 86 1928 2
184 1861 230 1925 Ολ
241 1857 318 1943 περὶ
332 1860 475 1923 Αἰνείαν
494 1858 604 1943 Τρῶες
625 1853 810 1942 φεύγοντες
821 1851 945 1946 Ἰταλία
959 1881 991 1935 πη

105 1963 221 2047 έσχον,
256 1960 314 2026 καὶ
346 1955 432 2044 ἀμφὶ
457 1972 530 2037 ταῖς
555 1959 711 2045 ἐμβολαῖς
738 1963 800 2026 τοῦ
826 1964 980 2045 ποταμοῦ

104 2062 272 2149 Θύβριδος
292 2061 510 2147 ἐναυλόχουν.
550 2065 595 2128 Οί
606 2060 668 2148 μέν
690 2065 801 2148 Τριῦες
827 2057 892 2130 ἀνά
912 2060 977 2150 τήν

104 2193 169 2254 ραν
193 2162 340 2252 ἠλῶντο,
373 2166 410 2231 αἱ
441 2161 479 2230 δὲ
505 2177 664 2248 γυναῖκες
691 2160 804 2232 αύτῦν
830 2164 991 2251 βουλεῦον

99 2265 203 2356 Ῥώμη
235 2264 351 2356 Τρωάς
378 2262 553 2354 ἀγορεύει,
580 2261 715 2353 “Με’χρι
742 2272 809 2335 ποῦ
834 2267 991 2356 πλανύμε

102 2374 198 2460 μέχρι
216 2373 283 2438 ποῦ
297 2371 458 2456 πλέομεν;
473 2365 513 2436 τά
528 2376 628 2437 πλοῖα
641 2372 901 2458 καταφλέξωμεν
915 2373 991 2439 καλε

102 2473 228 2561 ἀνδρας
259 2477 306 2551 εἰς
333 2469 484 2559 ἀνάγκην
503 2471 760 2560 καταστήσωμεν
780 2470 881 2561 τήνδε
909 2471 973 2562 τήν

102 2571 332 2663 κατοικήσαι.”
366 2579 477 2643 Ταῦτα
495 2579 636 2643 εἰποῦσα
650 2580 719 2664 πῦρ
736 2575 852 2666 πρώτη
870 2580 972 2665 ένήκε

102 2679 214 2762 ναυσὶ,
225 2679 282 2745 καὶ
295 2675 361 2765 μετ’
377 2675 484 2764 αὐτήν
498 2682 536 2745 αἱ
546 2679 659 2746 λοιπαὶ
675 2677 840 2764 Τρωάδες·
854 2684 890 2749 οἱ
901 2679 940 2749 δὲ
952 2690 991 2768 Tg

101 2779 328 2867 ἀπορούμενοι
344 2785 433 2849 νεῶν
445 2777 587 2848 Ἰταλίαν
601 2779 810 2871 κατῴκησαν.

67 2907 84 2960 3
172 2878 324 2970 Ῥωμαῖοι
341 2878 551 2968 Κοριολανδν
565 2884 717 2966 ἐδίωξαν.
749 2879 785 2952 ‘0
801 2884 839 2954 δὲ
853 2876 991 2971 φυγάςύ

101 2982 146 3066 ὡς
164 2981 357 3074 Τυρρηνοῦς
366 3037 375 3070 ,
397 2992 496 3073 νίκην
509 2982 592 3053 κατά
602 2980 771 3074 Ῥωμαίων
783 2984 992 3077 ῦπισχνούμε

99 3088 302 3159 Πιστεύουσι
321 3089 486 3177 Τυρρηνοὶ
510 3090 567 3157 καὶ
586 3088 771 3178 στρατηγὸν
792 3088 991 3177 ἀποφαῖνον

98 3188 117 3261 ὁ
133 3192 169 3261 δέ
184 3192 320 3282 νικήσας
336 3194 373 3261 ἐν
387 3191 506 3281 μάχαις
523 3200 661 3272 πολλαῖς
680 3195 773 3273 τέλος
787 3190 842 3263 ἐπ’
857 3190 991 3284 αῦτήνι

101 3323 176 3386 ρετο
195 3294 256 3385 τήν
280 3292 393 3382 πόλιν,
416 3293 565 3384 αἱρήσων
584 3292 667 3365 κατά
681 3296 809 3386 κράτος.
842 3292 991 3386 Ῥωμαία

166 3527 231 3594 Cap.
251 3531 293 3580 25.
332 3532 355 3591 §-
375 3531 400 3582 2.
436 3529 478 3579 Ex
493 3527 565 3579 Plut.
587 3529 619 3581 de
633 3530 695 3583 virt.
714 3529 780 3581 mul.
802 3488 833 3582 Ι.1
