2318 3892
404 194 587 257 ΠΡΩΤΟΝ.

331 423 373 478 23.
393 427 659 480 ΠΟΛΤΚΡΑΤΗΣ.

90 566 302 655 Πολυκράτει
317 573 451 662 Σαμίῳ,
471 560 755 659 καταθάοντιτὴν
778 565 975 658 Ἑλληνικὴν
994 589 1008 640 1

39 669 202 754 άλατταν,
224 673 337 751 ἔδοξεν
357 670 443 739 εἶναι
457 670 695 762 στρατηγικὸν,
719 680 751 742 εί
764 670 901 758 κατάγοι
918 675 975 741 καλ

39 803 50 841 ι
66 777 136 840 τῶν
150 768 317 856 φίλων,’
295 799 387 858 ως,ε
372 770 644 861 είάπαιτοάμενα
658 775 879 864 λαμβάνοιεν,
896 784 973 860 φιλ-

39 877 131 964 τ’ρους
148 876 230 954 ἕξοι·
244 871 323 979 οὐδὲ
325 903 345 943 ν
360 875 397 944 δε
411 875 543 964 λαβῶν,
562 874 624 945 οὐκ
639 872 682 945 άν
696 875 770 947 οὐδ’
787 875 974 947 άποδοῶναι

39 977 195 1053 άνασθαι.

90 1077 328 1173 Πολυκράτης,
350 1078 542 1167 μελλόντων
555 1089 698 1175 Σαμίων
717 1089 846 1152 θυσίαν
863 1095 973 1150 ποιείν
991 1099 1008 1149 2

39 1213 47 1241 ι
69 1187 116 1274 τῷ
136 1185 217 1274 ίερῶ
235 1186 293 1270 τῆς
310 1178 415 1270 Ἥρας
436 1182 627 1271 πάνδημον,
659 1187 696 1252 ἐν
716 1175 737 1305 ᾗ
756 1183 836 1272 μεθ’
858 1181 974 1254 ὅπλων

39 1284 214 1372 ιόμπευον,
230 1293 307 1352 πλελ
295 1299 368 1352 λστα
381 1281 442 1353 άσα
456 1290 497 1375 τῇ
511 1287 677 1374 προφάσει
691 1292 748 1374 τῆς
762 1291 874 1376 εορτῆς
887 1284 973 1355 ὅπλα

39 1389 170 1468 νλλέξας
189 1412 267 1467 τους
281 1386 343 1475 μὲν
362 1384 531 1474 άδελφοῶς
544 1393 750 1458 Συλοσῶντα
768 1392 824 1460 καὶ
836 1389 972 1463 Παντά

39 1509 163 1557 νωστον
176 1489 430 1578 συμπομπενειν
450 1493 552 1572 ἔταξε.
587 1484 686 1560 Μετά
699 1491 786 1561 δὲ
749 1520 812 1580 την
821 1489 972 1616 πομπὴν,

39 1597 80 1660 ῶν
93 1599 233 1678 Σαμίων
249 1591 351 1661 θύειν
365 1591 619 1681 μελλόντων,οί
630 1593 779 1662 πλεῖστοι
793 1592 851 1673 τάς
865 1620 970 1663 πανο-

39 1700 109 1772 λίας
125 1692 292 1762 άπέθεντο
307 1693 396 1782 παρά
411 1709 479 1772 τοϊς
481 1701 637 1862 ίβωμοῖς,
654 1696 873 1783 προσέχοντες
891 1703 973 1777 [ταῖς

39 1803 184 1880 τονδαῖς]
206 1793 321 1864 καθ’
286 1804 478 1919 ευχαῑς.0
450 1793 555 1865 οί’δ
579 1793 665 1885 άμφὶ
685 1803 893 1866 Συλοσῶντα
917 1799 974 1865 καὶ

39 1900 281 2020 αντάννωστον
302 1897 342 1967 τά
363 1895 449 1968 ὅπλα
472 1897 658 1985 ἔχοντες,’
640 1896 726 1988 ανὴρ
746 1897 845 1989 άνδρὶ
863 1925 970 1988 παρα

39 2001 105 2087 άς,
122 1998 275 2090 ἐφεξῆς’
253 2027 401 2081 απαντας
415 2005 488 2070 ἐκεί
486 2030 602 2072 ννυον.
640 2003 877 2126 Πολυμράτιχς,
894 2001 972 2082 τούς

39 2132 101 2194 τῃ
89 2103 212 2174 πόλει
229 2105 424 2192 μετέχοντας
444 2110 503 2192 τῆς
525 2107 708 2186 ἐπιθέσεως
732 2101 866 2191 άλίσας,
888 2131 970 2191 προ-

39 2207 209 2293 ιτελάβετο
229 2212 288 2296 τῆς
300 2207 428 2287 πόλεως
449 2233 527 2288 τους
551 2208 823 2295 ἐπικαιροτάτους
837 2207 972 2290 τόπους,

39 2310 73 2379 τὸ
88 2314 248 2416 τοῶίερον
264 2308 346 2398 μετά
359 2315 428 2378 τῶν
417 2307 556 2379 ὅπλων
571 2315 706 2411 σπουδῇ
717 2313 859 2389 θέοντας
873 2307 971 2378 άδελ

39 2412 97 2538 ρδς
113 2414 168 2480 καὶ
184 2411 375 2500 συμμάχους
393 2411 580 2498 δεξάμενος
618 2417 770 2499 Τειχίσας
788 2409 972 2501 άκρόπολιν

39 2547 70 2605 χν
107 2516 319 2603 ααλουμενην
354 2511 637 2598 Ἀστυπάλαιαν,
669 2512 973 2602 μεταπεμψάμενος

39 2648 100 2707 αρα
88 2616 329 2705 Λυγδάμιδος
343 2621 403 2704 τοῦ
417 2618 556 2697 Ναξίων
576 2614 746 2704 τυράννου
760 2615 971 2705 στρατιῶτας,

39 2725 63 2790 τὶ
79 2720 120 2810 δὴ
141 2726 277 2810 Σαμίων
289 2718 456 2809 τύραννος
470 2709 523 2806 ἦν.

366 2899 408 2956 24,
429 2901 607 2954 ΙΣΤΙΑΙΟΣ.

83 3024 230 3106 Ἱστιαῖος
244 3025 411 3115 Μιλήσιος
433 3029 469 3095 ἐν
485 3029 629 3114 Πέρσαις
644 3024 772 3110 διάγων
793 3019 883 3110 παρά
897 3030 969 3089 Δα-

39 3139 90 3222 είῳ
112 3138 243 3217 βασιλεῖ
250 3182 259 3215 ,
280 3125 621 3217 βουλόμενοςΊωνίαν
640 3125 846 3213 ἀποστῆσαι,
864 3123 971 3213 γράμ-

39 3261 97 3303 ατα
124 3235 267 3323 πέμπειν
291 3228 332 3301 οὐ
362 3236 505 3320 θαρρῶν
532 3227 588 3299 διά
613 3228 692 3310 τούς
722 3226 874 3316 φύλακας
904 3231 973 3295 τῶν

39 3342 120 3421 δῶν,
150 3337 283 3423 οίκέτην
310 3332 428 3404 πιστὸν
455 3331 624 3423 άτιοξάρας
653 3331 711 3411 τάς
740 3335 853 3419 τρίχας
878 3333 970 3414 στίχ-

39 3493 239 3503 ...ι-αι...-

76 3571 144 3636 Cap.
162 3571 211 3623 24.
248 3570 292 3619 Ex
307 3565 408 3621 Herod.
427 3566 458 3630 5,
476 3565 517 3617 35.
773 3643 822 3704 2*
