2318 3892
149 162 210 224 300
538 160 727 224 ΒΙΒΛΙΟΝ
1139 39 1148 227 ¹

149 362 212 416 τες.
239 334 326 421 Περὶ
348 331 412 422 γάρ
426 337 493 403 τών
506 338 621 403 ἵππων
635 338 671 402 τί
680 330 742 422 χρὴ
757 333 814 417 καί
828 330 992 423 γράφεινς
1004 329 1107 405 Ὅπου

149 439 206 508 καὶ
220 434 300 526 παρ’
314 434 486 524 Ἕλλησιν,
507 431 550 525 ἢν
571 437 627 504 καὶ
643 434 774 524 γυμνόν
791 439 961 524 ἐλέφαντα
981 443 1108 523 ίδωσιν,

148 545 245 610 ίπποι
274 540 454 627 φεύγουσι·
484 538 704 627 πυργοφόρον
731 539 770 607 δὲ
800 540 857 608 καλ
887 535 1108 631 ώπλισμένον,

150 645 232 732 βέλη
246 644 302 712 καὶ
317 640 506 729 σφενδόνας
527 641 719 728 έξαφιέντα,
741 639 821 711 οὐδὲ
841 647 929 712 ίδείν
949 638 1015 732 τὴν
1034 640 1108 725 ὄψιν

148 740 345 834 ὑπέμειναν.
385 745 548 832 Βρετανοὶ
569 743 631 829 μὲν
654 741 695 830 δὴ
716 741 829 826 αὐτοῖς
848 749 965 827 ἵπποις
976 746 1036 815 καὶ
1052 741 1129 834 άριι

149 869 252 938 μασιν
271 854 435 935 ἔφευγον·
451 842 603 934 Ῥωμαῖοι
627 846 664 915 δέ
679 842 870 927 ’ἀκινδύνως
888 845 949 918 τόν
958 845 1109 939 1’ποταμόν

152 948 329 1039 διέβησαν,
345 951 394 1019 ἑνὶ
408 945 479 1042 ζώῳ
493 946 570 1028 τοὺς
584 955 762 1037 πολεμίους
777 948 1000 1037 φοβήσαντες.

116 1062 134 1118 6
228 1060 360 1140 Καίσαρ
394 1050 604 1138 πυθόμενος,
640 1053 818 1142 Κικέρωνα
848 1047 917 1122 ὑπὸ
949 1055 1110 1123 Γαλατών

150 1155 437 1243 πολιορκούμενον
468 1151 711 1240 ἀπαγορεύειν,
743 1160 873 1243 ἔπεμψε
903 1154 1110 1243 στρατιώτην

149 1255 321 1327 άκοντίσαι
336 1253 495 1335 κελεύσας
509 1254 701 1343 ἐπιστολὴν,
723 1255 960 1345 προσδήσαντοι
975 1262 1020 1346 τῇ
1035 1256 1107 1344 λόγ-
1120 1280 1138 1325 ιι

150 1388 203 1449 χη,
212 1358 344 1447 νύκτωρ
362 1362 508 1444 (βαλεῖν)
518 1353 603 1447 ὑπὲρ
615 1356 652 1427 τό
665 1373 782 1445 τεῖχος.
798 1354 834 1427 ‘0
847 1357 909 1447 μὲν
924 1355 1108 1448 ἠκόντισεν-
1150 1424 1151 1435 ,

123 1497 126 1501 ·
150 1468 185 1532 ol
191 1463 227 1531 δέ
241 1460 480 1548 τειχοφόλακες
488 1457 642 1549 εὑρόντες
649 1460 808 1556 ἐκόμισαν
820 1463 1004 1550 Κικέρωνι.
1022 1458 1108 1531 ’Ἁνί-
1147 1481 1151 1519 ³

150 1593 221 1654 γνω
248 1564 303 1649 δὲ,
331 1559 486 1649 “Καῑσιιρ
513 1563 683 1652 Κικέρωνι
709 1574 864 1653 θαρρεῖν.
915 1566 1108 1654 Προσδέχου
1145 1563 1151 1639 λ

150 1663 351 1757 βοηθειαυ.”
389 1663 479 1736 Μετ’
506 1663 621 1752 ὀλίγον
634 1663 743 1754 έφάυη
757 1662 884 1746 καπνός
900 1668 959 1736 καλ
978 1692 1105 1755 κονιορ·
1144 1652 1151 1725 λ

150 1770 222 1857 τός,
243 1776 413 1857 Καίσαρος
433 1767 495 1856 την
509 1768 621 1856 χώραν
642 1773 868 1857 πορθοῦντος,
885 1765 971 1839 ὥστε
993 1766 1107 1840 αὐτίκα
1144 1774 1151 1841 λ

149 1872 211 1961 τὴν
238 1879 436 1958 πολιορκίαν
463 1870 625 1951 διακόψας
645 1867 686 1939 οὐ
712 1870 817 1959 μόνον
836 1867 1031 1942 ἀνεσώσατο
1050 1878 1105 1943 Κι·
1145 1889 1151 1945 ί

150 1976 300 2064 κέρωνα,
317 1971 401 2042 ἀλλά
415 1974 471 2041 καὶ
484 1970 562 2052 τούς
575 1978 836 2061 πολιορκοῦντας
850 1975 992 2044 ἐτίσατο.
1146 1992 1151 2049 Ι

43 2076 47 2087 ’
117 2088 134 2144 7
227 2084 360 2162 Καίσαρ
380 2077 646 2162 ἑπτακισχιλίους
669 2081 755 2163 ἔχων
770 2077 923 2165 ἐπολέμει
935 2075 1106 2155 Γαλάταις.
1146 2096 1151 2149 Ι

148 2175 340 2268 Ἐμποιῆσαι
354 2178 455 2260 δόξαν
468 2176 672 2265 βουλόμενος
696 2173 740 2258 ὡς
760 2179 817 2247 καὶ
836 2183 905 2249 τών
920 2175 1107 2249 όντωνόλι·
1147 2198 1151 2236 ¹

150 2284 317 2369 γωτέρους
331 2287 418 2368 ἔχοι,
439 2278 498 2349 τόν
511 2280 574 2369 μέν
592 2279 721 2368 χάρακα
734 2280 944 2363 στενώτατον
954 2281 1107 2351 ἐκέλευσε

150 2391 319 2471 τειχίζειν·
335 2380 435 2462 αὐτὸς
448 2383 486 2452 δὲ
494 2432 504 2468 ,
518 2388 642 2471 χωρίον
655 2379 853 2472 ὑπερδέξιον
867 2381 954 2453 δασδ
967 2393 1108 2454 καταλα-

151 2485 309 2575 βόμενος,
338 2485 501 2577 ἐντούτῳ
521 2483 691 2573 μετὰτῶν
712 2484 878 2557 πλειόνων
897 2490 1110 2576 στρατιωτῶν

150 2592 344 2675 ἐκέκρυπτο.
386 2593 570 2677 Προῆλθον
598 2593 717 2670 ἱππεῖςΙ
737 2585 844 2676 ὀλίγοι
869 2593 931 2658 τοῦ
957 2587 1110 2678 χάρακος,

151 2691 391 2778 ἐκκαλούμενοι
401 2689 481 2771 τούς
494 2688 695 2779 βαρβάρους.
730 2697 776 2761 Οί
787 2692 842 2778 δέ,
863 2696 1109 2781 κατασκιρτών-

150 2821 204 2873 τες
216 2797 272 2880 τῆς
285 2789 474 2879 ὀλιγότητος
486 2798 556 2861 τών
569 2796 714 2879 ἱππέων,
735 2797 887 2883 ἐπῆλθον
907 2798 954 2887 τῷ
972 2792 1108 2883 χάρακι·
1122 2816 1140 2859 τ

151 2903 186 2966 ολ
195 2896 258 2984 μὲν
273 2900 372 2982 ἔχουν
392 2891 450 2973 τάς
469 2894 637 2981 τάφρους,
658 2900 694 2964 οί
712 2896 748 2964 δὲ
770 2893 927 2967 άνέσπων
946 2893 989 2964 τά
1008 2916 1110 2966 σταυ·

150 2997 296 3087 ρώματα.
331 2995 387 3065 Ἐν
405 2995 512 3090 τοότμ
532 3003 686 3084 σημαίνει
705 2998 768 3086 μέν
788 2995 808 3087 ἡ
825 2998 978 3085 σάλπιγξ.
1008 2994 1112 3087 Ὀμοῦ

151 3102 188 3170 δὲ
209 3099 470 3188 συνεξώρμησαν
490 3102 527 3169 έκ
547 3100 609 3187 μὲν
633 3104 693 3169 τοῦ
719 3099 862 3189 χάρακος
881 3097 991 3170 άντίοι
1009 3100 1113 3185 πεζοὶ,

150 3201 215 3272 άπὸ
239 3204 276 3271 δὲ
296 3208 357 3272 τοῦ
376 3199 577 3291 ὑπερδεξίου
597 3201 683 3289 μετά.
699 3209 868 3293 Καίσαρος
894 3208 1008 3283 ἱππεῖς
1029 3199 1113 3273 κατά

148 3305 275 3391 νώτου,
297 3302 381 3375 ὥστε
396 3309 433 3375 έν
450 3306 539 3397 μέσῳ
551 3302 629 3384 τοὺς
644 3305 836 3396 βαρβάρους
848 3301 1143 3395 άποληφθένταςιι

150 3413 384 3496 διαφθαρῆναι
397 3406 474 3487 τούς
488 3411 654 3487 πλείονας.

115 3526 133 3579 8
226 3518 357 3597 Καῖσαρ
386 3509 574 3601 ἐπολιόρκει
601 3508 768 3601 φρούριον
793 3506 992 3579 Γαλατικόν.
1038 3511 1111 3579 Τῶν
