2318 3892
389 201 619 264 νανκννοιν.
757 280 760 284 ἢ
929 204 989 266 147

43 397 134 440 οιεν.
181 367 253 440 ’Eut
284 371 415 453 τούτοις
444 369 642 443 ἐσπείσαντο
669 375 726 443 καλ
755 371 986 466 ἀνεχώρησαν.

43 481 211 561 Γντίγονος
229 480 409 544 Λεωνίδαν
429 480 499 545 τῶν
525 472 661 565 ἀνδρῶν
680 473 870 566 ἡγήσασθαι
892 483 988 568 μέχρι

43 582 243 656 λακεδονίας
257 579 474 666 [ἐκέλευσεν],
497 574 541 657 ῶς
554 576 714 669 ἀσφαλῶς
727 577 851 660 αύτούς
865 586 912 661 είς
924 582 987 671 την

43 685 154 749 ἰκείαν
167 683 442 767 παραπέμψοντα.

97 779 288 870 Ἀντίγονος
297 781 476 867 Ἀττάλου,
496 781 668 870 Ἀλκέταν,
691 783 861 872 Δόκιμον,
885 808 984 874 στρα-
1005 805 1019 858 7

43 882 365 973 ηγούςΜακεδόνων
380 884 442 955 ούκ
456 884 611 969 ἀδόξους,
626 889 664 955 έν
676 885 804 957 αύλῶνι
820 866 988 983 Πισιδῶιῷ

43 989 348 1076 τρατοπεδεύοντας
357 992 476 1060 ἐδίωκε
484 989 648 1078 κρύβδην.
669 995 743 1057 Τῶν
752 987 782 1058 δ’
792 991 987 1079 ἐλεφάντων

43 1090 238 1177 λαγξάντων
251 1093 306 1160 καλ
321 1095 597 1181 φριμαξαμένων,
612 1088 760 1183 ᾔσθοντο
776 1089 819 1172 ῶς
835 1091 984 1180 Ἀντίγο-

43 1218 78 1272 ος
94 1194 271 1280 προσάγεν
295 1195 387 1287 μόνφ
410 1194 473 1283 γάρ
492 1194 599 1288 τούτῳ
615 1194 808 1283 παρασκευὴ
823 1197 985 1268 τοιούτων

43 1303 155 1384 ηρίων
168 1287 221 1384 ἦν.
246 1294 415 1384 Ἀλκέτας,
429 1297 467 1368 τὸ
480 1295 700 1368 πελταστικὸν
713 1295 909 1387 ἀναλαβών,
924 1299 986 1388 τὴν

45 1397 78 1468 τά
92 1405 163 1469 τῶν
176 1397 267 1488 ὀρῶν
280 1416 437 1489 τραχεῖαν
450 1403 510 1481 καλ,
525 1400 695 1489 δύσβατον
709 1392 815 1471 οὖσαν
828 1399 984 1490 ἠπείγετο

43 1505 281 1588 αταλαβέσθαι.
312 1501 502 1590 Ἀντίγονος
519 1500 678 1572 Ἀλκέταν
694 1503 757 1591 μέν
772 1501 836 1573 ούκ
850 1508 982 1587 ἐδίωξε·

43 1604 166 1688 οξῶσας
180 1606 217 1675 δδ
232 1603 294 1694 τὴν
307 1605 466 1696 στρατιάν
487 1602 553 1676 ύπό
568 1605 628 1686 τάς
641 1611 711 1675 τῶν
724 1603 813 1693 όρῶν
827 1609 982 1694 λαγόνας,

43 1726 183 1778 ῐπευσεν
204 1711 258 1777 ἐπὶ
279 1708 318 1778 τὸ
331 1708 557 1798 στρατόπεδον
571 1709 651 1792 [καὶ]
664 1713 825 1796 κατέλαβε
838 1715 907 1778 τῶν
921 1734 981 1778 πο-

43 1818 147 1900 εμίων
160 1810 238 1891 τούς
251 1811 314 1900 μὲν
327 1809 402 1899 ἀρτι
416 1809 667 1901 ὁπλιζομένους,
681 1809 760 1891 τούς
775 1812 813 1880 δὲ
826 1808 982 1898 ἀόπλους,

43 1916 288 2003 ιρασσομένονς
314 1916 352 1984 δὲ
372 1913 513 1996 πάντας·
542 1911 627 1984 ῶστε
647 1913 757 2002 φόνου
778 1913 840 2002 μὲν
859 1911 982 2002 ἀπεχό-

43 2045 134 2102 ενος,
157 2024 325 2108 σωτηρίαν
344 2017 382 2088 δὲ
399 2013 644 2108 ὑποσχόμενος,
667 2019 768 2108 χωρὶς
788 2016 892 2107 μάχης
913 2021 982 2087 ένί-

43 2143 132 2210 ησεν.

91 2219 287 2309 Ἀντιγόναν
306 2227 385 2312 νῆες
404 2222 523 2294 ἑκατὸν
541 2221 748 2313 τριάκοντα,
767 2212 816 2291 ῶν
834 2213 877 2311 ἦν
897 2221 979 2290 ναύ-
999 2235 1017 2289 8

43 2352 118 2414 ,ιχος
139 2323 320 2412 Νικάνωρ,
351 2325 587 2413 ἐναυμάχησαν
613 2323 696 2415 πρὸς
720 2323 758 2393 τὸ
784 2326 982 2413 Πολυσπέρ-

43 2455 133 2507 ιντος
151 2426 329 2514 ναυτικόν,
349 2419 390 2498 οὗ
403 2434 542 2507 Κλεῖτος
563 2426 750 2517 ἐναυάρχει.
778 2423 981 2515 Ἑλλήσπον·

43 2559 89 2616 ις,
115 2536 201 2599 ἔνθα
214 2526 236 2619 ἡ
251 2527 349 2620 μάχη.
382 2530 564 2617 Νικάνωρ,
578 2536 647 2600 τῶν
659 2535 794 2599 ναυτῶν
807 2525 868 2599 ὑπ’
884 2526 981 2598 ἀπει-

43 2642 92 2713 Γας
107 2630 190 2720 πρός
205 2635 360 2703 ἐναντίον
373 2637 464 2722 κύμα
480 2635 704 2722 βιαζομένων,
729 2628 877 2719 ἀπέβαλε
898 2636 982 2711 ναύς

43 2734 257 2824 λδομήκοντα.
314 2740 390 2805 Τῶν
426 2736 465 2806 δέ
492 2741 664 2823 πολεμίων
690 2741 851 2822 λαμπρῶς
884 2760 980 2822 νικη·

43 2839 170 2923 άντων,
196 2843 309 2928 παρῆν
331 2835 521 2928 Ἀντίγονος
547 2841 687 2927 ἑσπέρας
715 2837 772 2906 καὶ
796 2836 858 2927 τὴν
878 2827 983 2926 ἧτταν

43 2941 79 3010 ἀκ
101 2947 251 3010 ἔδεισεν·
279 2937 364 3011 ἀλλά
384 2941 461 3022 τούς
490 2941 553 3028 μέν
578 2942 633 3010 ἐπὶ
656 2946 725 3009 τῶν
745 2945 874 3009 λοιπῶν
893 2945 982 3010 νεῶν
1090 2985 1093 2989 -

43 3041 176 3133 ᾒύκοντα
202 3045 352 3131 ἑτοίμους
373 3042 563 3131 εἶναιπρὸς
584 3049 775 3129 ναυμαχίαν
795 3033 899 3119 αὖθις
918 3068 979 3111 νυ-

43 3145 93 3227 ιὸς
121 3148 293 3216 ἐκέλευσε·
325 3150 393 3215 τῶν
420 3147 458 3216 δὲ
487 3142 708 3216 ὑπασπιστῶν
733 3141 812 3223 τούς
830 3140 978 3232 ἀλκιμω-

43 3249 136 3330 ἀτους
149 3247 326 3338 ἐπιστήσας
338 3263 408 3329 τοϊς
427 3247 589 3337 σκάφεσι,
611 3247 813 3337 προσέταξεν
827 3243 979 3317 ἀπειλεῖν

43 3380 64 3433 ις
84 3349 307 3422 ἀποκτενούσι
325 3349 403 3432 τούς
426 3350 472 3441 μὴ
484 3355 675 3440 χωρούντας
697 3352 731 3428 ἐς
757 3347 875 3437 μάχην.
908 3357 978 3416 Βυ·

43 3455 150 3526 ίντιον
165 3454 202 3525 δέ
216 3460 322 3543 φίλην
336 3459 438 3542 ἔχων,
452 3453 553 3542 ἐγγύς
572 3443 696 3537 οὖσαν,
714 3453 879 3521 ἐντεῦθεν
891 3447 978 3539 ὑπη-

43 3565 135 3630 εσίαν
152 3554 319 3648 ναυτικὴν
337 3555 394 3629 διὰ
412 3556 532 3646 τάχους
552 3558 709 3628 ἐκέλευσε
731 3564 775 3609 **
797 3549 982 3634 πελταστάς

772 3671 832 3732 10*
