2318 3892
100 217 153 266 xli
469 292 470 295 Ἴ
499 216 710 268 PRAEFATIO.

104 376 284 435 Themistocle
301 377 410 442 retulit,
425 393 514 452 neque
528 378 655 453 deinceps
669 378 814 452 leguntur,
838 392 906 450 quae
922 393 954 433 ex
971 373 1112 436 Herodoto

102 462 260 536 descripsit,
289 477 377 536 neque
402 463 513 520 omnino
540 462 664 535 singulae
684 459 857 536 singulorum
878 460 998 535 capitum
1023 457 1114 520 narrass

103 547 191 603 tiones
209 555 363 621 temporum
379 547 473 604 ordine
488 547 636 622 dispositae
651 554 724 602 sunt.
757 544 869 602 Maxima
883 546 969 620 igitur
985 562 1058 620 opus
1076 555 1114 604 est

103 631 229 687 cautione
244 639 273 687 et
293 631 535 707 circumspectione
552 631 625 687 inre
643 639 698 687 tam
712 630 818 688 incerta
836 638 865 687 et
879 647 954 705 vaga.
988 630 1040 687 Ubi
1054 647 1113 690 vero

103 714 243 789 complura
258 712 380 792 exempla
395 733 455 773 sese
471 716 508 772 ita
523 716 674 790 excipiunt,
698 723 730 772 ut
749 715 905 772 continuam
925 730 1064 772 annorum
1078 732 1111 772 se·
1135 728 1150 807 ’ἶ

104 799 172 868 1114111
191 799 336 874 impleant,
347 818 393 877 en.
410 804 452 874 gr.
473 801 501 856 in
514 801 653 874 Antigono
672 800 699 873 S.
714 806 822 863 4-15‚
844 817 912 875 quae
933 799 1067 874 deinceps
1085 798 1111 857 td
1139 810 1150 1277 ι

105 900 190 940 annos
207 891 353 946 321-316
367 901 393 941 a·
407 885 468 940 Chr.
483 886 630 960 pertinent,
646 886 744 942 merito
759 883 907 958 suspiceris
923 883 949 939 id
963 900 1021 940 non
1037 883 1113 960 Poly·

104 968 165 1024 aeni
179 986 244 1026 cura
261 970 361 1026 iactum
382 986 460 1047 esse,
482 971 530 1026 sed
552 986 636 1026 unum
654 970 772 1043 aliquem
793 967 878 1025 latere
896 976 1017 1025 veterem
1032 968 1116 1026 histo·

106 1053 205 1116 ricum,
228 1054 305 1110 cuius
319 1054 366 1110 ille
380 1054 495 1127 vestigia
510 1053 650 1128 presserit.
681 1053 748 1110 Eum
764 1068 825 1109 esse
842 1049 882 1130 (ut
896 1052 1077 1109 immoremur
1091 1052 1116 1110 in

106 1137 229 1211 exemplo
247 1140 329 1211 supra
349 1136 505 1212 proposito)
521 1155 577 1193 non
596 1138 743 1195 Diodorum
759 1138 862 1211 ipsum,
885 1138 933 1193 sed
954 1137 1117 1213 scriptorem

106 1238 120 1279 a
136 1221 252 1278 Diodoro
268 1239 376 1295 quoque
390 1221 580 1296 compilatum,
596 1221 804 1295 Hieronymum
822 1221 1007 1284 Gordianum,
1020 1221 1117 1278 multis
1143 1280 1146 1290 ⁴

104 1305 241 1362 decausis
258 1305 483 1362 verisimillimum
500 1299 586 1380 fit15).
622 1304 692 1373 Quin
707 1298 779 1363 ultra
799 1306 970 1381 progrediar.
986 1306 1117 1381 Antigoni

104 1388 198 1467 dolum
214 1388 248 1462 (4,
264 1397 288 1453 6,
305 1388 348 1463 11)
366 1389 429 1446 dolo
444 1389 576 1446 Eumenes
596 1390 712 1466 repulit:
733 1398 844 1447 narrant
862 1391 891 1446 in
906 1389 1024 1463 singulis
1045 1390 1117 1448 miri·

105 1472 154 1530 lice
169 1475 357 1547 conspirantes
375 1474 507 1531 Diodorus
528 1481 569 1537 19,
585 1480 628 1536 37.
649 1482 691 1538 38,
705 1475 796 1549 Nepos
815 1474 890 1531 Eum.
909 1481 934 1534 8.
951 1482 975 1539 9,
993 1475 1054 1550 ipse
1069 1477 1117 1532 Po·
1144 1312 1152 1581 i

106 1557 227 1632 lyaenus,
242 1558 395 1615 necessario
410 1557 463 1614 alio
478 1558 567 1632 capite
581 1566 606 1622 4,
622 1565 646 1622 8,
664 1565 688 1622 4,
704 1559 751 1614 sed
766 1559 812 1622 ita,
828 1566 859 1615 ut
873 1559 939 1615 haec
953 1559 1009 1616 duo
1022 1568 1117 1617 strate·

104 1650 211 1716 gemata
226 1643 360 1700 artissime
372 1643 516 1700 cohaerere
529 1642 607 1700 facile
619 1643 777 1718 perspicias.
792 1644 850 1699 Jam
865 1660 1009 1716 quemnam
1021 1645 1116 1705 iteum

105 1728 134 1782 in
149 1727 320 1783 Eumenianis
341 1727 452 1785 subesse
474 1735 613 1784 auctorem
632 1727 793 1792 credideris,
813 1728 867 1783 nisi
889 1727 1006 1784 eundem
1025 1729 1115 1786 lliero·

105 1827 228 1886 nymum‚
243 1812 369 1869 Eumenis
384 1810 498 1868 amicum
509 1819 537 1867 et
552 1811 721 1886 popularem,
739 1812 786 1886 qui
796 1811 877 1867 rebus
893 1812 1022 1886 gerendis
1037 1804 1112 1887 inier-

106 1895 327 1958 luit,·auctorem
344 1915 358 1952 a
372 1896 491 1971 posteris
505 1895 651 1968 diligenter
665 1895 824 1958 lectitatum,
840 1913 920 1968 quem
935 1895 962 1951 in
978 1896 1023 1954 his
1039 1896 1116 1956 rebus

106 1996 276 2037 communem
290 1996 350 2036 esse
368 1979 472 2036 iontem
488 1979 612 2043 iliodori,
632 1979 745 2054 Nepotis
761 1987 789 2036 et
804 1978 943 2038 Plutarchi
962 1981 1066 2040 dudum
1080 1981 1116 2038 in·

106 2063 270 2122 tellexerunt
288 2064 337 2120 viri
354 2064 437 2121 docti.

174 2149 226 2212 ⁸lle
243 2149 349 2212 Cresia,
368 2149 497 2221 Ephoro,
519 2148 643 2217 Timaeo,
665 2147 832 2221 Phylarcho
848 2147 939 2206 nullus
952 2149 1117 2208 dubitationi
1151 2148 1155 2197 ἰ

107 2232 183 2290 locus
208 2233 387 2308 relinquitur,
416 2233 517 2308 quippe
542 2250 657 2308 quorum
680 2232 833 2306 lrpgmenta
860 2234 983 2309 ipsorum
1010 2236 1118 2292 nomine

107 2317 186 2374 nobis
203 2327 307 2374 servata
329 2319 362 2375 ad
376 2318 488 2374 verbnm
503 2317 637 2379 feretum
650 2318 787 2392 Polyaeno
808 2326 968 2392 congruant.
1006 2319 1040 2377 Et
1060 2336 1119 2378 cum

108 2400 192 2459 semel
206 2403 421 2460 demonstratum
443 2403 495 2467 sit,
516 2402 680 2477 Polyaenum
700 2403 728 2458 in
745 2401 856 2459 illorum
876 2401 942 2458 fines
958 2405 1120 2468 excurrisse,

109 2487 281 2544 statuendum
296 2496 338 2545 est
353 2505 415 2546 eum
431 2504 486 2544 non
501 2486 617 2562 paucula
634 2487 764 2562 quaedam
778 2486 937 2551 abstulisse,
959 2488 1006 2544 sed
1023 2489 1121 2563 praeda

107 2580 235 2629 onustum
256 2573 368 2629 redisse.
404 2572 498 2646 Itaque
519 2572 675 2629 coniectura
696 2571 767 2628 ultra
794 2571 974 2646 progrediens
999 2590 1033 2629 ex
1051 2573 1121 2649 Phy-

108 2651 201 2713 larcho
226 2657 337 2730 repetiit
356 2657 477 2731 llroysen
499 2654 667 2731 Polymnii,
686 2663 710 2719 6,
730 2665 753 2714 1.
772 2663 797 2720 8,
819 2663 898 2716 52111
916 2663 949 2717 59
966 2654 1075 2728 (Gesch.
1096 2656 1137 2714 11.Ι

109 2739 289 2796 Hellenismus
304 2740 334 2796 11.
352 2747 412 2801 371.
427 2747 487 2800 432.
505 2740 580 2813 391);
596 2758 628 2796 ex
638 2740 726 2797 Ctesia
736 2739 794 2796 Pol.
810 2745 836 2804 7,
853 2747 886 2799 12
900 2739 1122 2799 Hemsterhusins
1153 2720 1155 2790 i

110 2825 143 2881 nd
162 2823 307 2881 Lucianum
329 2833 354 2889 3,
375 2830 427 2885 394
443 2824 485 2880 ed.
505 2823 613 2898 bipont.
634 2825 666 2881 ad
686 2823 824 2898 Ephorum
842 2824 938 2881 retulit
956 2823 1020 2880 libri
1042 2825 1132 2900 prirni

109 2909 197 2984 capita
213 2915 238 2970 6.
254 2916 279 2972 7.
299 2916 325 2970 9.
342 2917 384 2970 10.
401 2914 443 2973 12,
464 2909 574 2966 secundi
595 2916 637 2970 12.
652 2914 685 2970 37
700 2907 784 2965 Meier
798 2909 885 2974 Marx,
905 2908 1008 2984 Ephori
1024 2910 1121 2985 lragm.

109 3036 311 3051 -ffln—-n-

20 3143 23 3149 -
69 3136 72 3141 ,
181 3106 279 3171 15)-Cf.
292 3107 448 3169 Briiclsner,
466 3105 500 3157 de
517 3107 577 3160 vita
595 3111 622 3157 eh
639 3107 750 3173 seriptis
766 3106 928 3172 Hieronymi
946 3105 1080 3159 Uardieni
1095 3109 1124 3158 in

16 3214 19 3219 .
110 3166 244 3225 Zeitschr.
258 3175 278 3224 f.
292 3176 345 3225 Alt.
359 3175 527 3226 Wissensch.
544 3174 615 3238 1842,
630 3191 674 3241 pg.
688 3175 830 3236 ant-272,
845 3175 890 3239 qni
901 3180 994 3225 tamen
1005 3176 1123 3242 Polyae'·

110 3258 174 3292 num
192 3244 396 3308 praetermittit.
424 3244 541 3293 Praeter
556 3243 744 3300 Briicknerum
762 3242 797 3292 cf.
815 3243 927 3291 Heeren
948 3243 981 3292 de
999 3243 1123 3295 fontibus

110 3309 254 3360 Plutarchi
266 3309 308 3371 69,
320 3310 447 3360 Wichers
460 3311 493 3359 do
506 3310 628 3360 fontibus
642 3315 669 3359 et
681 3309 847 3359 auctoritate
861 3309 940 3359 Corn.
953 3298 1069 3376 Nepotis
1082 3310 1123 3374 79,

110 3377 209 3442 Hisely
221 3377 254 3427 de
267 3377 336 3429 font.
350 3383 378 3428 et
391 3383 464 3428 auct.
478 3378 558 3427 Corn.
568 3378 682 3442 Nepotis
692 3376 746 3440 102,
761 3377 949 3438 Lieberkiihn‚
963 3378 997 3428 de
1011 3384 1124 3430 auctore

110 3447 238 3508 vitarum,
253 3461 323 3510 qnae
336 3446 385 3495 sub
398 3445 600 3517 nomineOCorn.
607 3445 722 3511 Nepotis
735 3444 924 3509 ferunturlll,
934 3447 1027 3512 Haug‚
1042 3446 1124 3510 Quel-

112 3512 159 3563 len
170 3513 317 3567 Plutarcha
330 3511 370 3565 70.
384 3512 425 3564 71.
