2318 3892
79 191 120 253 84
464 190 650 253 ΒῙΒΛΙΟΝ

82 363 169 436 ἑλῶν
189 362 380 454 προήγαγεν
400 365 433 444 ἐς
453 366 632 452 ἐκκλησίαν
651 365 719 432 τῶν
732 367 965 456 Μεσηνίωνβ

79 467 345 558 νισθησόμενον·
361 462 379 536 ὁ
394 466 432 535 δὲ
452 463 613 554 ὑπέσχετο
627 464 852 553 παραδώσειν
866 466 965 541 αύτοῖ

81 569 207 663 Φεράς,
231 577 260 640 εί
276 575 365 639 σῶον
385 566 487 639 αὐτὸν
503 566 697 656 φυλάξειαν.
728 573 963 643 Πεισθέντων

79 681 207 764 σηνίων
220 672 383 760 ἀσέληνον
406 669 512 742 νύκτα
534 670 701 767 φυλάξας,
720 669 800 753 τούς
823 675 894 762 μὲν
909 686 965 745 πολ

78 781 253 849 ἐκέλευσεν
268 774 332 845 άπὸ
348 777 487 864 βραχέος
502 773 720 864 διαστήματος
732 777 900 865 ἕπεσθαι,
915 776 965 849 ὀλι

79 879 332 952 δὲάκολουθεῖν
351 876 461 971 αὐτῶ,
483 885 605 967 φορτία
625 876 754 965 μεγάλα
773 885 879 950 σίτου
900 894 965 953 καλ

78 982 273 1073 ἀραμένους.
309 979 518 1070 Προσελθῶν
543 981 581 1051 δὲ
600 984 647 1073 τῶ
661 987 763 1068 τείχει
783 985 871 1071 περὶ
888 991 965 1056 δεντ

78 1085 234 1175 φυλακὴν
256 1083 437 1155 άνεκάλεσε
457 1082 534 1164 τούς
553 1083 722 1172 φύλακας,
749 1080 790 1153 τὸ
810 1087 965 1179 σύνθημι

77 1189 160 1259 πῶν.
200 1193 274 1258 Τῶν
296 1187 333 1257 δλ
353 1189 409 1256 καλ
430 1185 491 1276 τὴν
504 1185 626 1275 φωνὴν
637 1182 742 1256 αύτοῦ
754 1189 814 1256 καὶ
831 1188 874 1260 τὸ
891 1193 965 1262 σύνλ

77 1292 317 1381 μνωρισάντωυ
331 1292 387 1359 καλ
405 1287 609 1372 ἀνοιξάντων
629 1288 687 1370 τάς
700 1288 831 1378 πύλας,
853 1299 892 1364 οἱ
911 1295 954 1366 τά

77 1402 131 1465 τία
145 1396 322 1483 φέροντες,
345 1399 450 1462 ταῦτα
472 1396 630 1482 ῥίψαντες
637 1443 647 1478 ,
669 1390 710 1462 τά
730 1395 814 1482 ξίφη
834 1400 965 1487 σπασάρ

76 1497 154 1578 τούς
167 1501 221 1567 ἐπὶ
235 1503 303 1567 τῶν
320 1503 438 1566 πυλῶν
458 1495 667 1583 ἐφόνευσαν·
691 1499 725 1565 οί
742 1496 781 1565 δὲ
794 1500 950 1573 κατόπιν

76 1629 171 1690 μενοι
187 1598 413 1691 συμπεσόντες
425 1603 483 1688 τῆς
498 1598 626 1680 πόλεως
641 1597 844 1690 ἐκράτησαν.

610 1715 618 1743 ί

440 1778 483 1834 36.
504 1781 665 1835 ΔΙΟΙΤΑΣ.
723 1840 726 1844 ¹

153 1913 306 1994 Διοίτας,
323 1903 505 1995 στρατηγὸς
515 1903 672 1995 Ἀχαιῶν,
686 1900 965 1996 τὴνἩραιέωνπ

75 2015 230 2101 φανερῶς
245 2012 334 2079 ἑλεῖν
354 2006 396 2080 ού
415 2009 601 2099 δυνάμενος
624 2007 762 2098 ἀφανῶς
783 2004 872 2098 εἷλε,
897 2025 965 2099 φθι

74 2113 228 2203 μεγάλοις
240 2109 383 2202 χρήμασι
395 2116 464 2183 τῶν
481 2106 644 2202 Ἡραιέονν
660 2112 763 2194 τινάς.
797 2120 844 2182 Οἳ
856 2121 965 2202 φοιτῶ

75 2214 131 2287 ε’πλ
143 2213 200 2297 τάς
221 2217 328 2298 πύλας
349 2214 509 2295 πολλάκις
526 2218 582 2285 καλ
604 2212 873 2305 καθομιλοῦντες
885 2217 965 2299 τούς

74 2321 316 2408 πιστευμένους
328 2317 386 2399 τάς
398 2323 532 2401 κλεῖδας
545 2322 613 2387 τῶν
629 2307 757 2406 πολῶν,
771 2320 829 2388 καὶ
844 2316 915 2391 σύν
929 2319 965 2391 αι

72 2432 244 2510 πίνοντες,
268 2429 393 2492 ἔλαθον
412 2418 660 2511 άπομαξάμενοι
679 2419 737 2503 τάς
750 2422 965 2514 βαλανάγρας

71 2526 112 2597 τά
137 2525 295 2617 ἐκμαγεῖα
313 2531 360 2621 τῷ
379 2532 500 2618 Διοίτηι
521 2526 719 2614 διέπεμψαν.
748 2520 783 2594 ‘0
803 2524 844 2594 δὲ
857 2552 965 2618 παρατ

60 2636 146 2710 σίας
166 2633 222 2698 καὶ
244 2640 318 2708 ῖσας
343 2634 477 2710 κλεῖδας
496 2643 570 2710 ταῖς
591 2634 764 2717 δημοσίαις
782 2649 965 2701 κατασκευι

70 2729 283 2819 άντέπεμψεν
308 2728 438 2817 αὐτοῖς,
462 2731 567 2801 νύκτα
589 2731 813 2820 συνθέμενος,
834 2729 924 2802 καθ’
951 2730 965 2812 ί

70 2834 134 2923 μὲν
152 2832 302 2927 άνέφξαν
322 2831 379 2912 τάς
397 2832 521 2921 πύλας,
547 2829 565 2902 δ
594 2833 630 2904 δλ
654 2841 792 2915 Διοίτας
810 2830 886 2922 μετ’
910 2832 965 2906 ὀλῖ

70 2941 284 3028 στρατιωτῶν
309 2940 479 3024 εἰσῆλθεν.
528 2932 597 3006 Ἑνὶ
624 2935 687 3024 μὲν
713 2942 761 3030 τῷ
786 2939 965 3029 στρατηγήη

69 3047 138 3109 τῶν
150 3044 375 3129 βαλαναμρῶν
388 3041 553 3130 παρέσχεν
566 3036 679 3120 αὐτοῖς
692 3037 754 3130 τὴν
769 3046 917 3112 εἴσοδον·
935 3044 965 3115 ἔτ

71 3143 109 3212 δὲ
124 3141 289 3214 εῖσελθῶυ
308 3139 477 3232 ἐχρήσατο.
507 3141 639 3233 Ἐπειδὴ
654 3140 718 3233 γάρ
739 3149 774 3213 oc
786 3139 952 3234 Ἡραιεῖς,

70 3249 256 3334 γενομένου
269 3248 426 3327 συνέντες
445 3242 671 3336 ἐξεπήδησαν,
686 3254 808 3316 πολλοί
818 3275 855 3318 τε
869 3244 965 3329 ὅντες

69 3355 137 3420 τῶν
155 3355 213 3439 τῆς
238 3349 367 3430 πόλεως
385 3348 499 3420 τόπων
519 3356 686 3440 ἔμπειροι,
714 3352 882 3439 φοβηθείς
910 3348 965 3423 αύτ

68 3459 206 3534 Λιοίτας
230 3451 308 3533 τούς
328 3450 530 3541 σαλπιγκτάς
553 3449 707 3524 ἐκέλευσε
728 3449 812 3524 κατά
824 3453 965 3547 πολλάμ

67 3560 134 3645 τῆς.
151 3557 278 3636 πόλεως
292 3556 490 3655 διαστάντας
507 3554 545 3629 τὸ
567 3554 750 3646 πολεμικὸν
763 3565 954 3648 σημαίνειν.
