2318 3892
445 165 676 225 HEMHTON.
985 163 1043 225 183

59 336 194 417 νάσιος
210 330 460 424 ὖπεραγασθεὶς
471 333 672 426 ἀμφοτέρων
685 336 747 424 τῆν
759 335 883 427 άρετῆν
896 336 1040 428 ἆμφοτέ·
1101 379 1104 383 ·

62 467 157 527 ρους
181 435 330 528 ἀφῆκεν,
350 437 465 508 καὶ
428 468 486 518 τας
509 437 617 522 δεξιάς
645 437 777 527 λαβων,
806 439 901 529 ῆξίου
927 451 1042 532 τρίτον

62 540 183 613 αὐτόν
210 547 258 621 είς
241 539 344 631 ςτῆν
371 545 502 613 ἑαυτῶν
528 550 646 632 φιλίαν
676 543 973 670 σνγκατατάττειν
984 547 1040 613 καὶ

63 648 194 733 μένειν
207 641 288 731 παρ’
310 641 402 737 αὐτῷ
415 650 661 723 κοινωνοῦντας
677 651 746 714 των
763 645 941 734 παρόντων
956 644 1038 734 άγα-

66 752 164 819 θεῖν.
203 752 250 817 Ol
269 745 307 816 δε
327 745 389 835 τῆν
401 747 465 836 μὲν
478 754 676 837 προαίρεσιν
688 744 891 831 ἀπεδέξαντο
905 755 965 819 τοῦ
978 777 1037 818 τυ-

65 844 224 939 ράννου
238 846 403 941 ᾐτήσαντο
426 850 481 938 δὲ,
502 849 639 932 είτόζ”
603 857 661 980 ζην
678 847 791 931 αὐτοῖς
804 851 960 939 βούλοιτο
975 879 1037 921 πα-

70 967 231 1043 ρασχεῖν,
250 959 464 1076 συγχφρῆσαι
486 951 711 1041 ἀναστρέφειν
730 952 840 1023 ἐπὶ
804 982 862 1034 τας
875 952 1038 1042 συνήθεις

72 1052 250 1145 διατριβάς
269 1053 437 1143 μετὰτῶν
457 1059 555 1127 νέων.
599 1055 824 1145 Συνεχοίρησε
845 1057 1037 1138 Διονύσιος.

78 1162 187 1229 Τοῦτο
201 1155 238 1226 τὸ
252 1163 352 1247 ἔργον
367 1164 479 1228 ἔπεισε
498 1156 642 1238 πολλοὺς
653 1155 1036 1253 Ἰταλιωτων“Διοννσίφ

63 1257 258 1333 πιστεύειν.

414 1440 439 1495 ³.
457 1438 694 1496 ΑΓΑΘΟΚΛΗΣ.

146 1564 371 1655 Ἀγαθοκλῆς,
404 1575 563 1647 Σικελίας
597 1566 780 1657 τόραννος,
816 1565 938 1656 ὀμόσας
969 1584 1068 1650 τολςι

77 1677 245 1759 πολεμίοις
258 1673 388 1758 παρέβη
402 1669 480 1750 τοός
493 1667 632 1759 ὅρκους,
652 1671 708 1738 καὶ
728 1671 938 1758 κατασφάξας
958 1672 1036 1753 τούς

55 1822 66 1853 ,
79 1767 233 1858 ἇλόντας,
248 1772 473 1859 ἐπιχλευάζων
486 1770 568 1859 πρὸς
581 1770 660 1852 τούς
674 1780 794 1859 φίλους
805 1780 921 1860 ἔλεγεν
930 1770 1034 1843 “Asc-

55 1876 261 1967 ιπνήσαντες
277 1877 483 1964 ἐξεμίσωμεν
494 1873 571 1956 τοὺς
587 1870 740 1963 ὅρκους.”

144 1976 353 2066 Ἀγαθοκλῆς
366 1977 504 2067 νικήσας
518 1985 721 2069 Λεοντίνους
731 1977 963 2067 Δεινοκράτην
976 1976 1036 2049 τόν
1053 1998 1070 2049 2

78 2078 261 2171 στρατηγόν
282 2076 387 2150 αὑτοῦ
409 2083 442 2161 ἐς
455 2078 517 2169 τῆν
535 2079 634 2152 πόλιν
646 2087 791 2169 ἔπεμψε,
812 2083 970 2167 λέγοντα,
991 2077 1036 2162 ως

76 2178 137 2273 ἆρα
162 2193 372 2272 φιλοτιμολτο
393 2181 475 2272 πρὸς
491 2183 676 2254 Λιονόσιον
691 2184 747 2251 καὶ
761 2183 917 2277 βούλοιτο
930 2187 1035 2254 σῶσαι

75 2283 213 2374 αὐτοὺς,
234 2282 279 2366 ὦς
300 2289 427 2365 ἐκεῖνος
450 2292 555 2356 ἔσωσε
575 2284 654 2365 τούς
679 2286 756 2373 περὶ
775 2284 834 2355 τόν
856 2282 1035 2374 Ἐλέπορον

54 2387 223 2479 λποταμόν
244 2395 448 2469 πταίσαντας
462 2385 656 2467 Ἰταλιοότας.
690 2384 907 2457 Ἐπίστευσαν
926 2396 1032 2457 Λεον-

70 2507 158 2563 τῖνοι
179 2493 236 2561 καὶ
256 2487 377 2578 ὅρκους
391 2496 533 2560 ἔδωκαν.
561 2488 769 2577 Ἀγαθοκλῆς
782 2488 947 2559 είσελθων
962 2493 1033 2560 ἐκέ·

69 2604 195 2665 λουσεν
208 2590 331 2674 αὐτούς
343 2590 490 2672 ἀόπλους
504 2600 552 2675 είς
565 2591 627 2681 τήν
639 2596 820 2679 ἐκκλησίαν
833 2601 1033 2662 συνελθεῖν·

69 2693 288 2786 ὃστρατηγός
304 2691 562 2784 ἐπηράτησεν,“
566 2690 653 2786 Ὅτῳ
668 2691 793 2764 δοκελ”
775 2720 858 2783 οπερ
872 2692 946 2764 καλ’
941 2705 1033 2783 Αγα-

68 2808 209 2885 θοκλεί,
235 2800 358 2924 αίρέτω
384 2796 445 2885 τῆν
466 2794 593 2886 χεῖρα”
631 2793 666 2865 0
685 2803 804 2868 τοίνυν
818 2793 1033 2886 Ἀγαθοκλῆς,

64 2898 199 2973 “Δοκεί
215 2898 315 2989 μοι”,
334 2895 456 2988 ἔφη,“
461 2899 587 2981 πάντας
607 2896 774 2969 άνελείν.”
797 2890 1014 2968 Ἦσανᾶὲ’
968 2928 1032 2987 μυ·
1081 2934 1083 2939 ·

69 2999 301 3092 ριοι.1(αλδῆ
315 3001 530 3089 περιστάντες
543 3007 579 3071 οἱ
589 3022 786 3092 στρατιωται
801 3000 926 3082 πάντας
940 2998 1030 3070 ἄνεί

68 3117 131 3179 λον
144 3106 253 3177 ἐπὶ
212 3132 270 3193 της
284 3106 470 3192 ἐκκλησίας.

142 3205 368 3296 Ἀγαθοκλῆς,
390 3204 582 3293 πυθόμενος
599 3202 678 3284 τοὺς
698 3205 734 3272 ἐν
748 3205 835 3272 τέλει
850 3210 1029 3291 Συρακου-
1049 3224 1066 3276 3

68 3318 155 3383 σίων
166 3316 378 3396 νεωτερίζειν
385 3356 403 3394 ,·
410 3313 663 3396 Καρχηδονίους
676 3303 830 3392 νικήσας,
844 3303 944 3375 θύων
958 3308 1030 3375 ἐπι-

51 3420 163 3487 ,νίκια
182 3416 424 3490 πεντακοσίους
444 3408 570 3499 ἄνδρας
589 3406 667 3489 τούς
693 3403 864 3487 ὑπόπτους
889 3409 943 3476 ἐπὶ
971 3404 1033 3497 τῆν

70 3518 186 3589 ἑστίαν
211 3513 383 3591 ἐκάλεσεν.
417 3503 480 3585 Ἦν
497 3511 561 3602 μὲν
584 3509 627 3602 δή
645 3508 900 3603 μεγαλοπρεπής
921 3506 943 3598 ῆ
965 3516 1033 3580 των
