2318 3892
122 186 161 245 38
228 246 237 276 ρ
512 183 696 244 αιΒΛιοα

120 361 180 426 τοῦ
207 354 386 443 Θεοδώρου
417 353 476 424 τόν
503 362 603 424 λίθον
629 352 826 444 ἐξηρηκότος
845 321 908 427 καὶΙ
930 358 1062 449 περὶ
1031 388 1078 449 την

120 465 272 562 μοιχείαν
291 454 556 582 ἀσχολουμένου,
577 456 656 538 τούς
672 457 878 549 στρατιώτας
902 456 1117 553 ύπεισηγτη

120 589 228 649 γεν,ο
212 557 336 641 οΐτούς
351 561 503 648 φύλακας
517 557 709 646 ἀνελόντες,
729 558 788 641 τοὶς
809 560 924 645 πύλας
945 571 1078 636 ἔνδοθεν

120 663 320 751 ἀνοίξαντες,
337 669 447 732 πᾶσαν
461 661 684 752 δεξάμενοι
648 691 710 759 την
719 663 927 773 δύναμιν
883 693 947 756 της
956 673 1078 758 Σηστοῦ

120 772 243 860 ῥαδίως
257 767 451 855 ἐκράτησαν.

473 945 726 1019 8888821882.
768 978 771 993 .

70 1078 139 1158 Ιίυ)
196 1078 363 1160 Βρασίδας
378 1069 580 1158 Ἀμφίπολιν
594 1077 824 1159 προδοθεῖσαν
839 1067 932 1162 εἷλε,
952 1077 1079 1157 καὶτοῖς

120 1175 298 1264 προδόταις
313 1173 445 1243 κελεύει
464 1178 600 1242 κλεῖσαι
613 1172 671 1254 τάς
686 1175 810 1260 πύλας,
825 1179 883 1246 καί
899 1177 1025 1267 λαβών
1036 1178 1077 1260 τάς

119 1277 333 1365 βαλανάγρας
353 1283 491 1365 ἐρριυεν
507 1273 595 1365 ὑπὲρ
616 1275 653 1346 τό
673 1292 797 1366 τείχος,
818 1274 914 1360 ὅπως
935 1276 987 1352 ἂν
1007 1279 1076 1373 ἀμύ·
1116 1360 1120 1371 Ι

118 1409 231 1450 νοιντο
255 1378 332 1460 τούς
354 1386 474 1468 πολεμί
477 1406 593 1464 ους,
578 1382 756 1450 είίκαίκλί
754 1408 860 1470 μακας
875 1388 1074 1474 προσθεντες
1082 1407 1094 1448 ο

119 1484 293 1570 βιάζοιντο
401 1526 403 1530 -

68 1587 137 1670 υίι)
196 1591 363 1673 Βρασίδας
377 1612 453 1671 περι
443 1581 661 1671 Ἀμφίπολιν
670 1536 899 1675 ἐπολιορκεῖτο
912 1589 1076 1679 ἐπδλόφον
1118 1642 1120 1649 .

116 1693 298 1776 καρτεροῦ,
321 1688 633 1812 προσβαλλόρτων’
617 1715 654 1783 εν
677 1687 790 1780 κύκλῳ
810 1694 881 1758 τών
901 1700 1077 1783 πολεμίων

120 1796 165 1860 Οί
176 1819 237 1878 μεν
252 1791 310 1879 δὴ,
327 1788 529 1868 δεδιότες
489 1820 533 1878 μη
547 1789 681 1878 νύκτωρ
695 1758 879 1879 ἀποδραίη,
896 1799 1018 1878 λίθοις
1028 1821 1075 1866 πε·

44 1952 50 1965 ,
117 1900 309 1980 ριέτείχιζον
330 1891 389 1961 τὸν
416 1893 523 1979 λόφον
548 1894 605 1960 καὶ
635 1906 742 1979 τεῖχος
768 1891 901 1982 ὑψηλὸν
933 1896 1098 1986 ἤγειρονλ

120 2001 165 2064 Οἱ
177 1997 214 2066 δέ
231 1995 401 2075 Λύκωνες
416 1992 646 2081 ἠγανάκτουν,
670 1992 721 2064 ὅτι
735 1994 780 2083 μὴ
797 2002 949 2085 προῆγεν
964 1999 1078 2080 αύτούς

118 2105 166 2178 είς
197 2097 326 2187 μάχην,
362 2095 445 2166 ἀλλά
475 2101 777 2184 περιτειχισθέντες
812 2109 973 2186 αίσχιστα
1004 2107 1078 2197 λιμῷ

22 2265 24 2269 ,
116 2198 315 2271 ἁλώσοιντο·
331 2206 501 2286 Βρασίδας
515 2197 614 2280 αὐτὸς
629 2207 693 2288 ε”φη
707 2199 767 2269 τόν
776 2201 896 2289 καιρόν
905 2209 968 2292 τῆς
983 2207 1079 2295 μάχης

117 2307 254 2374 είδέναι.
287 2301 376 2372 Ἐπεὶ
393 2304 429 2372 δὲ
443 2302 480 2372 τό
494 2313 651 2372 πλεῖστον
670 2311 731 2371 τού
750 2304 858 2391 λόφου
878 2315 1078 2397 περιετετεί-

116 2428 207 2494 χιστο
216 2459 225 2493 ,
246 2405 365 2475 λοιπόν
379 2406 415 2476 δὲ
429 2397 471 2495 ἦν
486 2404 671 2493 ἀτείχιστον
690 2401 770 2476 ὅσον
789 2409 941 2498 πλέθρον
957 2409 1106 2501 αύταρ-’θ

116 2538 188 2595 κες,
203 2525 271 2589 τοῖς
284 2506 357 2598 μετ’
381 2506 486 2578 αύτού
506 2506 588 2596 πρὸς
607 2507 716 2597 μάχην
737 2509 942 2598 παρήγγειλε
964 2521 1079 2598 τοῦτον

116 2614 204 2682 εἶναι
224 2611 284 2680 τόν
303 2610 441 2701 καιρόν,
465 2609 614 2701 δρμώσιν
628 2613 683 2680 ἐπὶ
706 2608 768 2701 τὴν
794 2615 920 2694 ἔξοδον.
957 2620 1030 2689 Καὶ
1043 2615 1079 2704 δὴ

116 2713 338 2803 ὁρμήσαντες,
362 2713 506 2793 πολλοὺς
525 2721 593 2782 τών
616 2722 787 2802 πολεμίων
815 2721 1080 2811 διαφθείραντες
1118 2766 1120 2801 γ

115 2817 309 2904 ἐσώθησαν·
335 2813 356 2904 ἡ
384 2816 447 2906 γάρ
469 2823 672 2904 στενοχωρία
699 2815 875 2899 ἐλάττονας
900 2817 1004 2905 ὄντας
1021 2820 1080 2893 ούιι

115 2929 278 3009 ἔβλαψεν·
294 2914 312 2987 ό
328 2919 364 2988 δέ
381 2915 625 3008 περιτειχισμὸς
643 2916 813 3009 ώφέλησε,
839 2922 1000 3007 κωλύσας
1019 2953 1111 3016 μη-ιι

116 3029 197 3094 δέκα
213 3019 297 3092 κατά
309 3021 419 3093 νώτου
435 3026 594 3111 πολέμιον
608 3019 721 3097 αὐτῶν
734 3025 913 3111 γενέσθαι,
936 3023 1025 3099 ὥστε
1038 3034 1082 3123 τῷ

115 3134 214 3212 τείχει
231 3130 299 3195 τών
313 3128 477 3196 ἐναντίων
490 3124 528 3195 τό
541 3125 603 3214 μὲν
616 3127 757 3195 ἐκείνων
781 3133 913 3216 πλῆθος
933 3127 1081 3221 ἀχρείου,

37 3289 39 3294 .
115 3226 135 3317 ἡ
152 3229 189 3298 δέ
204 3231 314 3309 ἔξοδος
328 3226 559 3317 ἀσφαλεστέρα
573 3244 640 3308 τοϊς
654 3228 812 3299 Λάκωσιν
827 3233 972 3318 ἐγένετο.

80 3351 98 3403 8
191 3337 360 3420 Βρασίδας
381 3329 434 3401 ἐπ’
448 3328 648 3418 Ἀμφίπολιν
663 3329 776 3402 ἐλθών
789 3333 900 3424 λάθρα
913 3337 972 3406 καί
986 3359 1080 3424 συνι-

116 3433 186 3504 δών
200 3432 347 3521 ταραχὴν
360 3440 428 3503 τών
442 3439 560 3518 ἔνδον,
582 3430 642 3520 ούχ
662 3429 847 3523 ἡγούμενος
862 3434 1003 3529 ἀσφαλῆ
1021 3438 1081 3531 τὴν
1096 3462 1117 3500 α

115 3541 148 3619 ἐξ
160 3535 321 3616 ἀπονοίας
339 3536 464 3624 μάχην,
486 3535 649 3627 ἐκήρυξεν
664 3534 856 3626 Ἀθηναίοις
874 3539 939 3628 μὲν
958 3540 1081 3615 ἄδειαν
