<?xml version="1.0" encoding="UTF-8"?>
<!DOCTYPE html PUBLIC "-//W3C//DTD XHTML 1.0 Transitional//EN"
    "http://www.w3.org/TR/xhtml1/DTD/xhtml1-transitional.dtd">
<html xmlns="http://www.w3.org/1999/xhtml" xml:lang="en" lang="en">
 <head>
  <title>
</title>
<meta http-equiv="Content-Type" content="text/html;charset=utf-8" />
  <meta name='ocr-system' content='tesseract 3.04.00' />
  <meta name='ocr-capabilities' content='ocr_page ocr_carea ocr_par ocr_line ocrx_word'/>
</head>
<body>
  <div class='ocr_page' id='page_1' title='image "./polyaenistrateg00polygoog_0247.png"; bbox 0 0 2318 3892; ppageno 0'>
   <div class='ocr_carea' id='block_1_1' title="bbox 104 174 675 244">
    <p class='ocr_par' dir='ltr' id='par_1_1' title="bbox 104 174 675 244">
     <span class='ocr_line' id='line_1_1' title="bbox 104 174 675 244; baseline -0.005 -4"><span class='ocrx_word' id='word_1_1' title='bbox 104 179 163 244; x_wconf 87' lang='grc'><strong><em>158</em></strong></span> <span class='ocrx_word' id='word_1_2' title='bbox 489 174 675 237; x_wconf 83' lang='grc' dir='ltr'><em>ΒΙΒΛΙΟΝ</em></span> 
     </span>
    </p>
   </div>
   <div class='ocr_carea' id='block_1_2' title="bbox 67 344 1062 3218">
    <p class='ocr_par' dir='ltr' id='par_1_2' title="bbox 67 344 1062 3218">
     <span class='ocr_line' id='line_1_2' title="bbox 100 344 1061 439; baseline -0.005 -17"><span class='ocrx_word' id='word_1_3' title='bbox 100 360 215 436; x_wconf 79' lang='grc' dir='ltr'><strong><em>ζουσιυ</em></strong></span> <span class='ocrx_word' id='word_1_4' title='bbox 230 349 284 420; x_wconf 76' lang='grc' dir='ltr'><strong><em>ἐπὶ</em></strong></span> <span class='ocrx_word' id='word_1_5' title='bbox 304 352 425 418; x_wconf 87' lang='grc' dir='ltr'><strong><em>τοῦτον</em></strong></span> <span class='ocrx_word' id='word_1_6' title='bbox 443 358 558 417; x_wconf 71' lang='grc' dir='ltr'><strong><em>θεῖναι</em></strong></span> <span class='ocrx_word' id='word_1_7' title='bbox 577 344 616 415; x_wconf 88' lang='grc' dir='ltr'><strong><em>τό</em></strong></span> <span class='ocrx_word' id='word_1_8' title='bbox 635 359 785 436; x_wconf 78' lang='grc' dir='ltr'><strong><em>φορελον.</em></strong></span> <span class='ocrx_word' id='word_1_9' title='bbox 823 349 871 417; x_wconf 73' lang='lat' dir='ltr'><strong><em>OC</em></strong></span> <span class='ocrx_word' id='word_1_10' title='bbox 886 346 1061 439; x_wconf 74' lang='grc' dir='ltr'><strong><em>βάρβαροι,</em></strong></span> 
     </span>
     <span class='ocr_line' id='line_1_3' title="bbox 100 445 1061 542; baseline -0.005 -18"><span class='ocrx_word' id='word_1_11' title='bbox 100 459 243 542; x_wconf 86' lang='grc' dir='ltr'><strong><em>πλησίον</em></strong></span> <span class='ocrx_word' id='word_1_12' title='bbox 269 449 363 530; x_wconf 84' lang='grc' dir='ltr'><strong><em>όυτες</em></strong></span> <span class='ocrx_word' id='word_1_13' title='bbox 388 452 444 518; x_wconf 78' lang='grc' dir='ltr'><strong><em>καί</em></strong></span> <span class='ocrx_word' id='word_1_14' title='bbox 472 455 671 538; x_wconf 88' lang='grc' dir='ltr'><strong><em>νομίσαντες</em></strong></span> <span class='ocrx_word' id='word_1_15' title='bbox 701 447 764 520; x_wconf 90' lang='grc' dir='ltr'><strong><em>οῦκ</em></strong></span> <span class='ocrx_word' id='word_1_16' title='bbox 789 445 834 520; x_wconf 78' lang='grc' dir='ltr'><strong><em>ἅν</em></strong></span> <span class='ocrx_word' id='word_1_17' title='bbox 858 470 942 521; x_wconf 82' lang='grc' dir='ltr'><strong><em>ποτε</em></strong></span> <span class='ocrx_word' id='word_1_18' title='bbox 967 455 1061 521; x_wconf 89' lang='grc' dir='ltr'><strong><em>τοῦτο</em></strong></span> 
     </span>
     <span class='ocr_line' id='line_1_4' title="bbox 101 549 1059 649; baseline -0.005 -22"><span class='ocrx_word' id='word_1_19' title='bbox 101 562 237 645; x_wconf 90' lang='grc' dir='ltr'><strong><em>ποιῆσαι</em></strong></span> <span class='ocrx_word' id='word_1_20' title='bbox 255 553 314 624; x_wconf 86' lang='grc' dir='ltr'><strong><em>τὸν</em></strong></span> <span class='ocrx_word' id='word_1_21' title='bbox 335 549 490 641; x_wconf 82' lang='grc' dir='ltr'><strong><em>Εύμὲνη,</em></strong></span> <span class='ocrx_word' id='word_1_22' title='bbox 510 550 555 640; x_wconf 88' lang='grc' dir='ltr'><strong><em>μῆ</em></strong></span> <span class='ocrx_word' id='word_1_23' title='bbox 576 549 650 639; x_wconf 81' lang='grc' dir='ltr'><strong><em>οῦχί</em></strong></span> <span class='ocrx_word' id='word_1_24' title='bbox 674 552 825 649; x_wconf 75' lang='grc' dir='ltr'><strong><em>μεγάλην</em></strong></span> <span class='ocrx_word' id='word_1_25' title='bbox 846 558 969 640; x_wconf 84' lang='grc' dir='ltr'><strong><em>έχοντα</em></strong></span> <span class='ocrx_word' id='word_1_26' title='bbox 983 553 1059 642; x_wconf 88' lang='grc' dir='ltr'><strong><em>βοῆ·</em></strong></span> 
     </span>
     <span class='ocr_line' id='line_1_5' title="bbox 101 653 1058 745; baseline -0.005 -16"><span class='ocrx_word' id='word_1_27' title='bbox 101 671 202 729; x_wconf 80' lang='grc' dir='ltr'><strong><em>θεταυ</em></strong></span> <span class='ocrx_word' id='word_1_28' title='bbox 213 655 311 745; x_wconf 85' lang='grc' dir='ltr'><strong><em>έγγῦς</em></strong></span> <span class='ocrx_word' id='word_1_29' title='bbox 321 653 633 744; x_wconf 78' lang='grc' dir='ltr'><strong><em>ἀποκεκρυμμένην,</em></strong></span> <span class='ocrx_word' id='word_1_30' title='bbox 645 661 706 726; x_wconf 92' lang='grc' dir='ltr'><strong><em>τοῦ</em></strong></span> <span class='ocrx_word' id='word_1_31' title='bbox 715 655 851 726; x_wconf 76' lang='grc' dir='ltr'><strong><em>διώκειν</em></strong></span> <span class='ocrx_word' id='word_1_32' title='bbox 860 653 1058 744; x_wconf 76' lang='grc' dir='ltr'><strong><em>ἀπέστησαν.</em></strong></span> 
     </span>
     <span class='ocr_line' id='line_1_6' title="bbox 67 755 1057 849; baseline -0.002 -19"><span class='ocrx_word' id='word_1_33' title='bbox 67 789 84 839; x_wconf 80' lang='lat'><strong>2</strong></span> <span class='ocrx_word' id='word_1_34' title='bbox 178 758 349 849; x_wconf 82' lang='grc' dir='ltr'><strong><em>Εὐμένης,</em></strong></span> <span class='ocrx_word' id='word_1_35' title='bbox 364 755 429 847; x_wconf 89' lang='grc' dir='ltr'><strong><em>ῆδη</em></strong></span> <span class='ocrx_word' id='word_1_36' title='bbox 444 760 573 843; x_wconf 79' lang='grc' dir='ltr'><strong><em>συνιεὶς</em></strong></span> <span class='ocrx_word' id='word_1_37' title='bbox 588 764 657 827; x_wconf 78' lang='grc' dir='ltr'><strong><em>τῶν</em></strong></span> <span class='ocrx_word' id='word_1_38' title='bbox 677 756 944 848; x_wconf 76' lang='grc' dir='ltr'><strong><em>ἀργυρασπίδων</em></strong></span> <span class='ocrx_word' id='word_1_39' title='bbox 963 757 1057 848; x_wconf 81' lang='grc' dir='ltr'><strong><em>ἀρχο-</em></strong></span> 
     </span>
     <span class='ocr_line' id='line_1_7' title="bbox 101 858 1060 953; baseline -0.004 -19"><span class='ocrx_word' id='word_1_40' title='bbox 101 867 212 953; x_wconf 83' lang='grc' dir='ltr'><strong><em>μένων</em></strong></span> <span class='ocrx_word' id='word_1_41' title='bbox 231 867 457 950; x_wconf 77' lang='grc' dir='ltr'><strong><em>νεωτερίζειν,</em></strong></span> <span class='ocrx_word' id='word_1_42' title='bbox 480 858 564 930; x_wconf 79' lang='grc' dir='ltr'><strong><em>ἆλλῦι</em></strong></span> <span class='ocrx_word' id='word_1_43' title='bbox 587 859 654 950; x_wconf 91' lang='grc' dir='ltr'><strong><em>μῆν</em></strong></span> <span class='ocrx_word' id='word_1_44' title='bbox 674 864 754 946; x_wconf 79' lang='grc' dir='ltr'><strong><em>[καὶ]</em></strong></span> <span class='ocrx_word' id='word_1_45' title='bbox 770 860 984 949; x_wconf 72' lang='grc' dir='ltr'><strong><em>Ἀντιγένους</em></strong></span> <span class='ocrx_word' id='word_1_46' title='bbox 1008 863 1060 931; x_wconf 81' lang='grc' dir='ltr'><strong><em>καὶ</em></strong></span> 
     </span>
     <span class='ocr_line' id='line_1_8' title="bbox 105 957 1060 1055; baseline -0.003 -19"><span class='ocrx_word' id='word_1_47' title='bbox 105 968 296 1054; x_wconf 79' lang='grc' dir='ltr'><strong><em>Τευτάμου,</em></strong></span> <span class='ocrx_word' id='word_1_48' title='bbox 318 972 351 1035; x_wconf 82' lang='grc' dir='ltr'><strong><em>οἳ</em></strong></span> <span class='ocrx_word' id='word_1_49' title='bbox 365 965 543 1054; x_wconf 78' lang='grc' dir='ltr'><strong><em>στρατηγοὶ</em></strong></span> <span class='ocrx_word' id='word_1_50' title='bbox 563 963 693 1034; x_wconf 88' lang='grc' dir='ltr'><strong><em>τούτων</em></strong></span> <span class='ocrx_word' id='word_1_51' title='bbox 712 957 814 1054; x_wconf 88' lang='grc' dir='ltr'><strong><em>ῆσαν,</em></strong></span> <span class='ocrx_word' id='word_1_52' title='bbox 834 961 1060 1055; x_wconf 68' lang='grc' dir='ltr'><strong><em>ὑπερηφάνως</em></strong></span> 
     </span>
     <span class='ocr_line' id='line_1_9' title="bbox 101 1064 1059 1157; baseline -0.002 -18"><span class='ocrx_word' id='word_1_53' title='bbox 101 1067 184 1157; x_wconf 86' lang='grc' dir='ltr'><strong><em>πρός</em></strong></span> <span class='ocrx_word' id='word_1_54' title='bbox 210 1067 313 1138; x_wconf 82' lang='grc' dir='ltr'><strong><em>αὐτόν</em></strong></span> <span class='ocrx_word' id='word_1_55' title='bbox 340 1069 564 1154; x_wconf 82' lang='grc' dir='ltr'><strong><em>διακειμένων</em></strong></span> <span class='ocrx_word' id='word_1_56' title='bbox 584 1068 640 1135; x_wconf 84' lang='grc' dir='ltr'><strong><em>καὶ</em></strong></span> <span class='ocrx_word' id='word_1_57' title='bbox 662 1073 811 1155; x_wconf 76' lang='grc' dir='ltr'><strong><em>βαδίζειν</em></strong></span> <span class='ocrx_word' id='word_1_58' title='bbox 827 1070 882 1138; x_wconf 82' lang='grc' dir='ltr'><strong><em>ἐπὶ</em></strong></span> <span class='ocrx_word' id='word_1_59' title='bbox 900 1064 966 1157; x_wconf 86' lang='grc' dir='ltr'><strong><em>τῆν</em></strong></span> <span class='ocrx_word' id='word_1_60' title='bbox 987 1089 1059 1155; x_wconf 94' lang='grc' dir='ltr'><strong><em>σκη-</em></strong></span> 
     </span>
     <span class='ocr_line' id='line_1_10' title="bbox 101 1166 1059 1261; baseline -0.004 -18"><span class='ocrx_word' id='word_1_61' title='bbox 101 1171 167 1261; x_wconf 90' lang='grc' dir='ltr'><strong><em>νῆν</em></strong></span> <span class='ocrx_word' id='word_1_62' title='bbox 179 1169 284 1241; x_wconf 81' lang='grc' dir='ltr'><strong><em>αὐτοῦ</em></strong></span> <span class='ocrx_word' id='word_1_63' title='bbox 298 1169 571 1254; x_wconf 84' lang='grc' dir='ltr'><strong><em>κατοκνούντων,</em></strong></span> <span class='ocrx_word' id='word_1_64' title='bbox 586 1173 794 1257; x_wconf 77' lang='grc' dir='ltr'><strong><em>συγκαλέσας</em></strong></span> <span class='ocrx_word' id='word_1_65' title='bbox 807 1168 885 1249; x_wconf 84' lang='grc' dir='ltr'><strong><em>τούς</em></strong></span> <span class='ocrx_word' id='word_1_66' title='bbox 897 1166 1059 1260; x_wconf 73' lang='grc' dir='ltr'><strong><em>ἡγεμόνας</em></strong></span> 
     </span>
     <span class='ocr_line' id='line_1_11' title="bbox 102 1271 1057 1362; baseline -0.002 -17"><span class='ocrx_word' id='word_1_67' title='bbox 102 1272 262 1346; x_wconf 80' lang='grc' dir='ltr'><strong><em>ἐνύπνιον</em></strong></span> <span class='ocrx_word' id='word_1_68' title='bbox 280 1278 455 1361; x_wconf 79' lang='grc' dir='ltr'><strong><em>ἔφητοῦτο</em></strong></span> <span class='ocrx_word' id='word_1_69' title='bbox 475 1271 636 1362; x_wconf 87' lang='grc' dir='ltr'><strong><em>δεύτερον</em></strong></span> <span class='ocrx_word' id='word_1_70' title='bbox 651 1275 850 1361; x_wconf 80' lang='grc' dir='ltr'><strong><em>ἑωρακέναι,</em></strong></span> <span class='ocrx_word' id='word_1_71' title='bbox 864 1273 1057 1345; x_wconf 83' lang='grc' dir='ltr'><strong><em>διαπειλού·</em></strong></span> 
     </span>
     <span class='ocr_line' id='line_1_12' title="bbox 101 1372 1059 1466; baseline -0.001 -19"><span class='ocrx_word' id='word_1_72' title='bbox 101 1406 220 1466; x_wconf 85' lang='grc' dir='ltr'><strong><em>μενον,</em></strong></span> <span class='ocrx_word' id='word_1_73' title='bbox 237 1372 305 1446; x_wconf 79' lang='lat' dir='ltr'><strong><em>“Ec</em></strong></span> <span class='ocrx_word' id='word_1_74' title='bbox 324 1373 369 1465; x_wconf 87' lang='grc' dir='ltr'><strong><em>μῆ</em></strong></span> <span class='ocrx_word' id='word_1_75' title='bbox 388 1382 625 1464; x_wconf 75' lang='grc' dir='ltr'><strong><em>πεισθείημεν,</em></strong></span> <span class='ocrx_word' id='word_1_76' title='bbox 650 1374 765 1446; x_wconf 83' lang='grc' dir='ltr'><strong><em>κοινόν</em></strong></span> <span class='ocrx_word' id='word_1_77' title='bbox 783 1373 909 1447; x_wconf 78' lang='grc' dir='ltr'><strong><em>ἅπασιν</em></strong></span> <span class='ocrx_word' id='word_1_78' title='bbox 924 1382 1059 1447; x_wconf 74' lang='grc' dir='ltr'><strong><em>ἔσεσθαι</em></strong></span> 
     </span>
     <span class='ocr_line' id='line_1_13' title="bbox 101 1471 1060 1574; baseline 0.001 -24"><span class='ocrx_word' id='word_1_79' title='bbox 101 1487 275 1551; x_wconf 88' lang='grc' dir='ltr'><strong><em>κίνδυνον.</em></strong></span> <span class='ocrx_word' id='word_1_80' title='bbox 306 1471 368 1547; x_wconf 84' lang='grc' dir='ltr'><strong><em>Ἦν</em></strong></span> <span class='ocrx_word' id='word_1_81' title='bbox 395 1479 432 1548; x_wconf 76' lang='grc' dir='ltr'><strong><em>δὲ</em></strong></span> <span class='ocrx_word' id='word_1_82' title='bbox 448 1475 663 1568; x_wconf 77' lang='grc' dir='ltr'><strong><em>Ἀλέξανδρος</em></strong></span> <span class='ocrx_word' id='word_1_83' title='bbox 688 1475 707 1549; x_wconf 83' lang='grc' dir='ltr'>ὁ</span> <span class='ocrx_word' id='word_1_84' title='bbox 733 1478 891 1569; x_wconf 86' lang='grc' dir='ltr'><strong><em>βασιλεῦς</em></strong></span> <span class='ocrx_word' id='word_1_85' title='bbox 911 1482 949 1550; x_wconf 86' lang='grc' dir='ltr'><strong><em>έν</em></strong></span> <span class='ocrx_word' id='word_1_86' title='bbox 975 1482 1060 1574; x_wconf 76' lang='grc' dir='ltr'><strong><em>μίση)</em></strong></span> 
     </span>
     <span class='ocr_line' id='line_1_14' title="bbox 101 1581 1057 1675; baseline -0.001 -22"><span class='ocrx_word' id='word_1_87' title='bbox 101 1584 315 1675; x_wconf 78' lang='grc' dir='ltr'><strong><em>στρατοπέδῳ</em></strong></span> <span class='ocrx_word' id='word_1_88' title='bbox 329 1581 586 1670; x_wconf 80' lang='grc' dir='ltr'><strong><em>προκαθήμενος</em></strong></span> <span class='ocrx_word' id='word_1_89' title='bbox 600 1586 637 1651; x_wconf 82' lang='grc' dir='ltr'><strong><em>ἐν</em></strong></span> <span class='ocrx_word' id='word_1_90' title='bbox 647 1588 764 1674; x_wconf 89' lang='grc' dir='ltr'><strong><em>σκηνῆ,</em></strong></span> <span class='ocrx_word' id='word_1_91' title='bbox 778 1586 950 1672; x_wconf 89' lang='grc' dir='ltr'><strong><em>σκῆπτρον</em></strong></span> <span class='ocrx_word' id='word_1_92' title='bbox 965 1590 1057 1672; x_wconf 81' lang='grc' dir='ltr'><strong><em>ἔχων,</em></strong></span> 
     </span>
     <span class='ocr_line' id='line_1_15' title="bbox 102 1681 1058 1776; baseline 0.002 -22"><span class='ocrx_word' id='word_1_93' title='bbox 102 1693 310 1776; x_wconf 84' lang='grc' dir='ltr'><strong><em>χρηματίζων</em></strong></span> <span class='ocrx_word' id='word_1_94' title='bbox 334 1682 453 1754; x_wconf 76' lang='grc' dir='ltr'><strong><em>ἅπασι·</em></strong></span> <span class='ocrx_word' id='word_1_95' title='bbox 481 1687 537 1753; x_wconf 82' lang='grc' dir='ltr'><strong><em>καὶ</em></strong></span> <span class='ocrx_word' id='word_1_96' title='bbox 559 1682 601 1774; x_wconf 89' lang='grc' dir='ltr'><strong><em>δῆ</em></strong></span> <span class='ocrx_word' id='word_1_97' title='bbox 623 1688 802 1772; x_wconf 83' lang='grc' dir='ltr'><strong><em>προσέταξε</em></strong></span> <span class='ocrx_word' id='word_1_98' title='bbox 824 1699 894 1766; x_wconf 73' lang='grc' dir='ltr'><strong><em>τοῖς</em></strong></span> <span class='ocrx_word' id='word_1_99' title='bbox 911 1681 1058 1776; x_wconf 80' lang='grc' dir='ltr'><strong><em>ἡγεμόσι,</em></strong></span> 
     </span>
     <span class='ocr_line' id='line_1_16' title="bbox 101 1790 1059 1879; baseline 0.001 -21"><span class='ocrx_word' id='word_1_100' title='bbox 101 1790 207 1879; x_wconf 73' lang='grc' dir='ltr'><strong><em>μηδὲν</em></strong></span> <span class='ocrx_word' id='word_1_101' title='bbox 228 1794 296 1857; x_wconf 80' lang='grc' dir='ltr'><strong><em>τεόν</em></strong></span> <span class='ocrx_word' id='word_1_102' title='bbox 316 1793 441 1857; x_wconf 76' lang='grc' dir='ltr'><strong><em>κοινοῦν</em></strong></span> <span class='ocrx_word' id='word_1_103' title='bbox 466 1790 522 1856; x_wconf 81' lang='grc' dir='ltr'><strong><em>καί</em></strong></span> <span class='ocrx_word' id='word_1_104' title='bbox 543 1795 729 1875; x_wconf 75' lang='grc' dir='ltr'><strong><em>βασιλικῶν</em></strong></span> <span class='ocrx_word' id='word_1_105' title='bbox 756 1794 899 1859; x_wconf 79' lang='grc' dir='ltr'><strong><em>διοικεῖν</em></strong></span> <span class='ocrx_word' id='word_1_106' title='bbox 919 1792 984 1872; x_wconf 79' lang='grc' dir='ltr'><strong><em>ἔξω</em></strong></span> <span class='ocrx_word' id='word_1_107' title='bbox 1006 1794 1059 1878; x_wconf 82' lang='grc' dir='ltr'><strong><em>τῆς</em></strong></span> 
     </span>
     <span class='ocr_line' id='line_1_17' title="bbox 101 1882 1058 1980; baseline 0.002 -20"><span class='ocrx_word' id='word_1_108' title='bbox 101 1897 275 1980; x_wconf 77' lang='grc' dir='ltr'><strong><em>βασιλικῆς</em></strong></span> <span class='ocrx_word' id='word_1_109' title='bbox 296 1896 420 1979; x_wconf 80' lang='grc' dir='ltr'><strong><em>σκηνῆς</em></strong></span> <span class='ocrx_word' id='word_1_110' title='bbox 442 1892 499 1958; x_wconf 80' lang='grc' dir='ltr'><strong><em>καὶ</em></strong></span> <span class='ocrx_word' id='word_1_111' title='bbox 519 1900 635 1959; x_wconf 79' lang='grc' dir='ltr'><strong><em>καλεῖν</em></strong></span> <span class='ocrx_word' id='word_1_112' title='bbox 643 1882 774 1979; x_wconf 83' lang='grc' dir='ltr'><strong><em>Ιταύτην</em></strong></span> <span class='ocrx_word' id='word_1_113' title='bbox 788 1891 896 1980; x_wconf 89' lang='grc' dir='ltr'><strong><em>μόνην</em></strong></span> <span class='ocrx_word' id='word_1_114' title='bbox 905 1888 1058 1976; x_wconf 73' lang='grc' dir='ltr'><strong><em>Ἀλεξιίυ</em></strong></span> 
     </span>
     <span class='ocr_line' id='line_1_18' title="bbox 103 1989 1060 2082; baseline 0 -18"><span class='ocrx_word' id='word_1_115' title='bbox 103 2002 187 2082; x_wconf 91' lang='grc' dir='ltr'><strong><em>δρου</em></strong></span> <span class='ocrx_word' id='word_1_116' title='bbox 215 1989 379 2082; x_wconf 85' lang='grc' dir='ltr'><strong><em>σκηυῆν.”</em></strong></span> <span class='ocrx_word' id='word_1_117' title='bbox 429 1992 693 2082; x_wconf 83' lang='grc' dir='ltr'><strong><em>Προσεκύνησαυ</em></strong></span> <span class='ocrx_word' id='word_1_118' title='bbox 719 1999 754 2064; x_wconf 88' lang='grc' dir='ltr'><strong><em>οί</em></strong></span> <span class='ocrx_word' id='word_1_119' title='bbox 776 1993 980 2076; x_wconf 87' lang='grc' dir='ltr'><strong><em>Μακεδόνες</em></strong></span> <span class='ocrx_word' id='word_1_120' title='bbox 1005 1993 1060 2066; x_wconf 87' lang='grc' dir='ltr'><strong><em>τόν</em></strong></span> 
     </span>
     <span class='ocr_line' id='line_1_19' title="bbox 96 2095 1062 2187; baseline 0 -20"><span class='ocrx_word' id='word_1_121' title='bbox 96 2096 334 2183; x_wconf 70' lang='grc' dir='ltr'><strong><em>Ἀλέξανδρον,</em></strong></span> <span class='ocrx_word' id='word_1_122' title='bbox 361 2097 418 2164; x_wconf 81' lang='grc' dir='ltr'><strong><em>καί</em></strong></span> <span class='ocrx_word' id='word_1_123' title='bbox 439 2095 713 2184; x_wconf 80' lang='grc' dir='ltr'><strong><em>συνεβούλευσαν</em></strong></span> <span class='ocrx_word' id='word_1_124' title='bbox 735 2100 771 2166; x_wconf 85' lang='grc' dir='ltr'><strong><em>έκ</em></strong></span> <span class='ocrx_word' id='word_1_125' title='bbox 788 2101 859 2166; x_wconf 79' lang='grc' dir='ltr'><strong><em>νῦν</em></strong></span> <span class='ocrx_word' id='word_1_126' title='bbox 876 2103 1062 2187; x_wconf 75' lang='grc' dir='ltr'><strong><em>βασιλικῶν</em></strong></span> 
     </span>
     <span class='ocr_line' id='line_1_20' title="bbox 100 2196 1060 2289; baseline 0 -20"><span class='ocrx_word' id='word_1_127' title='bbox 100 2197 277 2289; x_wconf 75' lang='grc' dir='ltr'><strong><em>χρημάτων</em></strong></span> <span class='ocrx_word' id='word_1_128' title='bbox 323 2196 451 2287; x_wconf 90' lang='grc' dir='ltr'><strong><em>σκηνῆν</em></strong></span> <span class='ocrx_word' id='word_1_129' title='bbox 485 2198 731 2268; x_wconf 77' lang='grc' dir='ltr'><strong><em>κατασκευάσαι</em></strong></span> <span class='ocrx_word' id='word_1_130' title='bbox 762 2199 942 2289; x_wconf 78' lang='grc' dir='ltr'><strong><em>βασιλικὴν</em></strong></span> <span class='ocrx_word' id='word_1_131' title='bbox 949 2253 959 2289; x_wconf 94' lang='grc'><strong><em>,</em></strong></span> <span class='ocrx_word' id='word_1_132' title='bbox 1007 2203 1060 2271; x_wconf 78' lang='grc' dir='ltr'><strong><em>καί</em></strong></span> 
     </span>
     <span class='ocr_line' id='line_1_21' title="bbox 78 2303 1058 2393; baseline 0.002 -21"><span class='ocrx_word' id='word_1_133' title='bbox 78 2303 230 2393; x_wconf 80' lang='grc' dir='ltr'><strong><em>’θρόνον</em></strong></span> <span class='ocrx_word' id='word_1_134' title='bbox 255 2307 404 2391; x_wconf 76' lang='grc' dir='ltr'><strong><em>χρυσοῦν</em></strong></span> <span class='ocrx_word' id='word_1_135' title='bbox 435 2306 616 2389; x_wconf 72' lang='grc' dir='ltr'><strong><em>βασιλικοῖς</em></strong></span> <span class='ocrx_word' id='word_1_136' title='bbox 642 2306 908 2391; x_wconf 77' lang='grc' dir='ltr'><strong><em>κεκοσμημένον·</em></strong></span> <span class='ocrx_word' id='word_1_137' title='bbox 943 2305 1000 2374; x_wconf 77' lang='grc' dir='ltr'><strong><em>ἐπὶ</em></strong></span> <span class='ocrx_word' id='word_1_138' title='bbox 1023 2304 1058 2374; x_wconf 71' lang='grc' dir='ltr'><strong><em>δὲ</em></strong></span> 
     </span>
     <span class='ocr_line' id='line_1_22' title="bbox 99 2404 1058 2495; baseline 0.003 -21"><span class='ocrx_word' id='word_1_139' title='bbox 99 2404 220 2474; x_wconf 91' lang='grc' dir='ltr'><strong><em>τούτου</em></strong></span> <span class='ocrx_word' id='word_1_140' title='bbox 234 2410 382 2492; x_wconf 80' lang='grc' dir='ltr'><strong><em>χρυσοῦν</em></strong></span> <span class='ocrx_word' id='word_1_141' title='bbox 395 2405 562 2492; x_wconf 88' lang='grc' dir='ltr'><strong><em>στέφανον</em></strong></span> <span class='ocrx_word' id='word_1_142' title='bbox 576 2410 694 2493; x_wconf 83' lang='grc' dir='ltr'><strong><em>ἔχοντα</em></strong></span> <span class='ocrx_word' id='word_1_143' title='bbox 713 2404 860 2495; x_wconf 80' lang='grc' dir='ltr'><strong><em>διάδημα</em></strong></span> <span class='ocrx_word' id='word_1_144' title='bbox 873 2404 1058 2494; x_wconf 85' lang='grc' dir='ltr'><strong><em>βασιλικόν,</em></strong></span> 
     </span>
     <span class='ocr_line' id='line_1_23' title="bbox 100 2504 1060 2599; baseline 0.002 -23"><span class='ocrx_word' id='word_1_145' title='bbox 100 2511 157 2578; x_wconf 79' lang='grc' dir='ltr'><strong><em>καί</em></strong></span> <span class='ocrx_word' id='word_1_146' title='bbox 175 2505 265 2596; x_wconf 76' lang='grc' dir='ltr'><strong><em>παρὰ</em></strong></span> <span class='ocrx_word' id='word_1_147' title='bbox 285 2505 345 2576; x_wconf 88' lang='grc' dir='ltr'><strong><em>τόν</em></strong></span> <span class='ocrx_word' id='word_1_148' title='bbox 365 2506 494 2596; x_wconf 75' lang='grc' dir='ltr'><strong><em>θρόνου</em></strong></span> <span class='ocrx_word' id='word_1_149' title='bbox 515 2504 601 2577; x_wconf 83' lang='grc' dir='ltr'><strong><em>ὅπλα</em></strong></span> <span class='ocrx_word' id='word_1_150' title='bbox 619 2510 675 2577; x_wconf 79' lang='grc' dir='ltr'><strong><em>καὶ</em></strong></span> <span class='ocrx_word' id='word_1_151' title='bbox 690 2510 792 2597; x_wconf 84' lang='grc' dir='ltr'><strong><em>μέσον</em></strong></span> <span class='ocrx_word' id='word_1_152' title='bbox 810 2514 993 2599; x_wconf 89' lang='grc' dir='ltr'><strong><em>σκῆπτρον,</em></strong></span> <span class='ocrx_word' id='word_1_153' title='bbox 1006 2512 1060 2579; x_wconf 78' lang='grc' dir='ltr'><strong><em>καὶ</em></strong></span> 
     </span>
     <span class='ocr_line' id='line_1_24' title="bbox 100 2608 1058 2702; baseline 0.002 -22"><span class='ocrx_word' id='word_1_154' title='bbox 100 2609 165 2698; x_wconf 88' lang='grc' dir='ltr'><strong><em>πρό</em></strong></span> <span class='ocrx_word' id='word_1_155' title='bbox 172 2615 233 2679; x_wconf 91' lang='grc' dir='ltr'><strong><em>τοῦ</em></strong></span> <span class='ocrx_word' id='word_1_156' title='bbox 244 2610 376 2698; x_wconf 74' lang='grc' dir='ltr'><strong><em>θρόνου</em></strong></span> <span class='ocrx_word' id='word_1_157' title='bbox 385 2608 550 2697; x_wconf 81' lang='grc' dir='ltr'><strong><em>τράπεζαν</em></strong></span> <span class='ocrx_word' id='word_1_158' title='bbox 561 2616 706 2700; x_wconf 82' lang='grc' dir='ltr'><strong><em>χρυσῆν·</em></strong></span> <span class='ocrx_word' id='word_1_159' title='bbox 719 2613 773 2680; x_wconf 82' lang='grc' dir='ltr'><strong><em>έπλ</em></strong></span> <span class='ocrx_word' id='word_1_160' title='bbox 785 2611 822 2681; x_wconf 70' lang='grc' dir='ltr'><strong><em>δὲ</em></strong></span> <span class='ocrx_word' id='word_1_161' title='bbox 828 2610 952 2701; x_wconf 89' lang='grc' dir='ltr'><strong><em>ταύτης</em></strong></span> <span class='ocrx_word' id='word_1_162' title='bbox 964 2616 1058 2702; x_wconf 80' lang='grc' dir='ltr'><strong><em>ἐσχα-</em></strong></span> 
     </span>
     <span class='ocr_line' id='line_1_25' title="bbox 101 2712 1060 2803; baseline 0.005 -22"><span class='ocrx_word' id='word_1_163' title='bbox 101 2718 179 2801; x_wconf 92' lang='grc' dir='ltr'><strong><em>ρίδα</em></strong></span> <span class='ocrx_word' id='word_1_164' title='bbox 198 2713 254 2781; x_wconf 79' lang='grc' dir='ltr'><strong><em>καλ</em></strong></span> <span class='ocrx_word' id='word_1_165' title='bbox 277 2717 482 2800; x_wconf 87' lang='grc' dir='ltr'><strong><em>λιβανωτίδα</em></strong></span> <span class='ocrx_word' id='word_1_166' title='bbox 501 2719 630 2803; x_wconf 89' lang='grc' dir='ltr'><strong><em>χρυσῆν</em></strong></span> <span class='ocrx_word' id='word_1_167' title='bbox 647 2715 702 2783; x_wconf 80' lang='grc' dir='ltr'><strong><em>καλ</em></strong></span> <span class='ocrx_word' id='word_1_168' title='bbox 723 2712 912 2802; x_wconf 86' lang='grc' dir='ltr'><strong><em>λιβανωτόν</em></strong></span> <span class='ocrx_word' id='word_1_169' title='bbox 928 2717 1060 2785; x_wconf 75' lang='grc' dir='ltr'><strong><em>καλθν</em></strong></span> 
     </span>
     <span class='ocr_line' id='line_1_26' title="bbox 100 2812 1058 2907; baseline 0.004 -23"><span class='ocrx_word' id='word_1_170' title='bbox 100 2814 246 2904; x_wconf 83' lang='grc' dir='ltr'><strong><em>μιύματα</em></strong></span> <span class='ocrx_word' id='word_1_171' title='bbox 266 2812 392 2902; x_wconf 76' lang='grc' dir='ltr'><strong><em>εύοόδη·</em></strong></span> <span class='ocrx_word' id='word_1_172' title='bbox 413 2812 498 2884; x_wconf 76' lang='grc' dir='ltr'><strong><em>ιἰλλδι</em></strong></span> <span class='ocrx_word' id='word_1_173' title='bbox 518 2813 585 2903; x_wconf 92' lang='grc' dir='ltr'><strong><em>μῆν</em></strong></span> <span class='ocrx_word' id='word_1_174' title='bbox 605 2817 661 2885; x_wconf 83' lang='grc' dir='ltr'><strong><em>καὶ</em></strong></span> <span class='ocrx_word' id='word_1_175' title='bbox 681 2821 825 2904; x_wconf 85' lang='grc' dir='ltr'><strong><em>δίφρους</em></strong></span> <span class='ocrx_word' id='word_1_176' title='bbox 838 2813 1011 2907; x_wconf 73' lang='grc' dir='ltr'><strong><em>ἀργυροῦς</em></strong></span> <span class='ocrx_word' id='word_1_177' title='bbox 1024 2822 1058 2888; x_wconf 83' lang='grc' dir='ltr'><strong><em>έν</em></strong></span> 
     </span>
     <span class='ocr_line' id='line_1_27' title="bbox 99 2906 1060 3008; baseline 0.006 -22"><span class='ocrx_word' id='word_1_178' title='bbox 99 2924 140 3008; x_wconf 87' lang='grc' dir='ltr'><strong><em>τῆ</em></strong></span> <span class='ocrx_word' id='word_1_179' title='bbox 160 2922 285 3006; x_wconf 87' lang='grc' dir='ltr'><strong><em>σκηνῆ,</em></strong></span> <span class='ocrx_word' id='word_1_180' title='bbox 308 2914 364 3005; x_wconf 81' lang='grc' dir='ltr'><strong><em>ἐφ’</em></strong></span> <span class='ocrx_word' id='word_1_181' title='bbox 394 2906 442 2984; x_wconf 76' lang='grc' dir='ltr'><strong><em>τόν</em></strong></span> <span class='ocrx_word' id='word_1_182' title='bbox 463 2922 498 2987; x_wconf 87' lang='grc' dir='ltr'><strong><em>οί</em></strong></span> <span class='ocrx_word' id='word_1_183' title='bbox 517 2915 639 2999; x_wconf 81' lang='grc' dir='ltr'><strong><em>πάντες</em></strong></span> <span class='ocrx_word' id='word_1_184' title='bbox 663 2914 825 3007; x_wconf 88' lang='grc' dir='ltr'><strong><em>ῆγεμόυες</em></strong></span> <span class='ocrx_word' id='word_1_185' title='bbox 843 2921 1060 3007; x_wconf 77' lang='grc' dir='ltr'><strong><em>βουλεύοιντο</em></strong></span> 
     </span>
     <span class='ocr_line' id='line_1_28' title="bbox 101 3019 1058 3114; baseline 0.003 -24"><span class='ocrx_word' id='word_1_186' title='bbox 101 3023 266 3111; x_wconf 76' lang='grc' dir='ltr'><strong><em>περὶτῶν</em></strong></span> <span class='ocrx_word' id='word_1_187' title='bbox 287 3023 413 3089; x_wconf 82' lang='grc' dir='ltr'><strong><em>κοινοῦν</em></strong></span> <span class='ocrx_word' id='word_1_188' title='bbox 435 3019 648 3109; x_wconf 81' lang='grc' dir='ltr'><strong><em>πραγμάτων.</em></strong></span> <span class='ocrx_word' id='word_1_189' title='bbox 695 3027 807 3091; x_wconf 90' lang='grc' dir='ltr'><strong><em>Ταῦτα</em></strong></span> <span class='ocrx_word' id='word_1_190' title='bbox 828 3021 891 3110; x_wconf 68' lang='grc' dir='ltr'><strong><em>μὲν</em></strong></span> <span class='ocrx_word' id='word_1_191' title='bbox 914 3021 959 3114; x_wconf 80' lang='grc' dir='ltr'><strong><em>δὴ</em></strong></span> <span class='ocrx_word' id='word_1_192' title='bbox 983 3051 1058 3095; x_wconf 89' lang='grc' dir='ltr'><strong><em>κατ-</em></strong></span> 
     </span>
     <span class='ocr_line' id='line_1_29' title="bbox 102 3118 1060 3218; baseline 0.003 -26"><span class='ocrx_word' id='word_1_193' title='bbox 102 3122 336 3194; x_wconf 80' lang='grc' dir='ltr'><strong><em>εσκευάσαντο.</em></strong></span> <span class='ocrx_word' id='word_1_194' title='bbox 365 3118 520 3210; x_wconf 80' lang='grc' dir='ltr'><strong><em>Εὐμένης</em></strong></span> <span class='ocrx_word' id='word_1_195' title='bbox 535 3123 572 3192; x_wconf 69' lang='grc' dir='ltr'><strong><em>δὲ</em></strong></span> <span class='ocrx_word' id='word_1_196' title='bbox 591 3121 653 3212; x_wconf 87' lang='grc' dir='ltr'><strong><em>τῆν</em></strong></span> <span class='ocrx_word' id='word_1_197' title='bbox 673 3120 778 3209; x_wconf 79' lang='grc' dir='ltr'><strong><em>αὑτοῦ</em></strong></span> <span class='ocrx_word' id='word_1_198' title='bbox 797 3122 928 3214; x_wconf 88' lang='grc' dir='ltr'><strong><em>σκηνῆν</em></strong></span> <span class='ocrx_word' id='word_1_199' title='bbox 947 3123 1060 3218; x_wconf 86' lang='grc' dir='ltr'><strong><em>ῆγειρε</em></strong></span> 
     </span>
    </p>
   </div>
   <div class='ocr_carea' id='block_1_3' title="bbox 101 3222 1058 3320">
    <p class='ocr_par' dir='ltr' id='par_1_3' title="bbox 101 3222 1058 3320">
     <span class='ocr_line' id='line_1_30' title="bbox 101 3222 1058 3320; baseline 0.002 -25"><span class='ocrx_word' id='word_1_200' title='bbox 101 3223 191 3315; x_wconf 80' lang='grc' dir='ltr'><strong><em>παρὰ</em></strong></span> <span class='ocrx_word' id='word_1_201' title='bbox 205 3224 265 3313; x_wconf 92' lang='grc' dir='ltr'><strong><em>τῆν</em></strong></span> <span class='ocrx_word' id='word_1_202' title='bbox 277 3222 514 3313; x_wconf 72' lang='grc' dir='ltr'><strong><em>Ἀλεξάνδρου,</em></strong></span> <span class='ocrx_word' id='word_1_203' title='bbox 530 3227 586 3294; x_wconf 80' lang='grc' dir='ltr'><strong><em>καί</em></strong></span> <span class='ocrx_word' id='word_1_204' title='bbox 599 3231 634 3295; x_wconf 86' lang='grc' dir='ltr'><strong><em>οί</em></strong></span> <span class='ocrx_word' id='word_1_205' title='bbox 644 3223 739 3296; x_wconf 82' lang='grc' dir='ltr'><strong><em>όλλοι</em></strong></span> <span class='ocrx_word' id='word_1_206' title='bbox 752 3223 916 3318; x_wconf 77' lang='grc' dir='ltr'><strong><em>ἡγεμόνες</em></strong></span> <span class='ocrx_word' id='word_1_207' title='bbox 932 3232 1058 3320; x_wconf 74' lang='grc' dir='ltr'><strong><em>ἑφεξῆς.</em></strong></span> 
     </span>
    </p>
   </div>
   <div class='ocr_carea' id='block_1_4' title="bbox 99 3400 329 3412">
    <p class='ocr_par' dir='ltr' id='par_1_4' title="bbox 99 3400 329 3412">
     <span class='ocr_line' id='line_1_31' title="bbox 99 3400 329 3412; baseline -0.004 -3"><span class='ocrx_word' id='word_1_208' title='bbox 99 3400 329 3412; x_wconf 84' lang='grc'><strong><em>..,..,,---</em></strong></span> 
     </span>
    </p>
   </div>
   <div class='ocr_carea' id='block_1_5' title="bbox 101 3491 1060 3612">
    <p class='ocr_par' dir='ltr' id='par_1_5' title="bbox 101 3491 1060 3612">
     <span class='ocr_line' id='line_1_32' title="bbox 101 3491 1060 3612; baseline 0.009 -68"><span class='ocrx_word' id='word_1_209' title='bbox 101 3561 134 3611; x_wconf 67' lang='grc'><strong><em>18</em></strong></span> <span class='ocrx_word' id='word_1_210' title='bbox 166 3492 236 3612; x_wconf 52' lang='grc' dir='ltr'><strong><em>ἔχει).</em></strong></span> <span class='ocrx_word' id='word_1_211' title='bbox 256 3491 282 3544; x_wconf 86' lang='grc'><strong><em>8.</em></strong></span> <span class='ocrx_word' id='word_1_212' title='bbox 321 3496 345 3557; x_wconf 65' lang='grc' dir='ltr'><strong><em>ξ.</em></strong></span> <span class='ocrx_word' id='word_1_213' title='bbox 363 3495 389 3545; x_wconf 82' lang='lat'><strong><em>2.</em></strong></span> <span class='ocrx_word' id='word_1_214' title='bbox 421 3494 467 3544; x_wconf 79' lang='lat' dir='ltr'><strong><em>Ex</em></strong></span> <span class='ocrx_word' id='word_1_215' title='bbox 487 3493 654 3560; x_wconf 80' lang='lat' dir='ltr'><strong>Hieronymo</strong></span> <span class='ocrx_word' id='word_1_216' title='bbox 677 3493 814 3548; x_wconf 77' lang='lat' dir='ltr'><strong>Cardiano</strong></span> <span class='ocrx_word' id='word_1_217' title='bbox 837 3492 877 3562; x_wconf 70' lang='grc' dir='ltr'><strong><em>(λ)</em></strong></span> <span class='ocrx_word' id='word_1_218' title='bbox 899 3496 963 3552; x_wconf 78' lang='lat' dir='ltr'>coll.</span> <span class='ocrx_word' id='word_1_219' title='bbox 980 3498 1060 3553; x_wconf 84' lang='lat' dir='ltr'>Diod.</span> 
     </span>
    </p>
   </div>
   <div class='ocr_carea' id='block_1_6' title="bbox 0 0 1164 3892">
    <p class='ocr_par' dir='ltr' id='par_1_6' title="bbox 0 0 1164 3892">
     <span class='ocr_line' id='line_1_33' title="bbox 0 0 1164 3892; baseline 0 0"><span class='ocrx_word' id='word_1_220' title='bbox 0 0 1164 3892; x_wconf 95' lang='lat' dir='ltr'><strong><em> </em></strong></span> 
     </span>
    </p>
   </div>
  </div>
 </body>
</html>
