2318 3892
508 196 668 265 TPITON.
1010 198 1068 258 111

113 366 289 456 ἀφθόνους
301 370 357 439 καὶ
371 367 566 457 καταγωγὰς
578 375 677 457 ἔχειν.
703 365 747 438 Τό
755 367 793 438 δὲ
806 368 935 440 τούτων
948 377 1072 458 μεῖζον,

112 471 241 562 πολλήν
252 471 314 562 τήν
328 469 467 542 εόνοιαν
481 470 571 562 παρά
584 478 652 544 τών
664 480 836 560 πολεμίων
851 469 1028 562 ἐθήρευεν.

194 576 375 664 Τιμόθεος,
406 591 590 663 ναυμαχεῖν
615 581 895 664 Λακεδαιμονίοις
926 578 1106 664 μέλλων,6

110 676 211 758 αὐτὸς
232 679 295 766 μὲν
309 688 415 747 εἴκοσι
428 678 575 767 τριήροιν
586 676 628 749 τά
649 679 853 768 πληρώματα
872 677 963 768 παρά
982 680 1069 770 πρώ-

85 809 201 870 εμναν
220 787 306 868 ἔχων
331 778 515 867 ἀνέπαυσε,
542 779 600 861 τάς
621 782 659 852 δὲ
675 780 947 870 ταχυναυτούσας
966 792 1071 853 ελκοσι

108 885 291 970 προσέταξε
313 898 381 963 τοῖς
399 883 610 974 τριηράρχοις
632 881 909 974 ἀντιπαρεξάγειν
922 899 994 964 ταῖς
1007 910 1070 954 πο-

108 993 239 1073 λεμίαις
265 987 382 1072 ναυσὶ,
409 988 466 1055 καὶ
493 986 624 1068 πυκνάς
649 998 821 1057 ποιεῖσθαι
843 986 990 1076 κινήσεις
1014 991 1071 1057 καὶ

108 1088 244 1175 τροπάς.
289 1093 334 1158 Οἱ
356 1089 420 1178 μὲν
446 1087 488 1179 δή
510 1091 680 1180 πολέμιοι,
706 1094 908 1170 πονέσαντες
932 1096 1070 1183 είρεσίη,
1125 1176 1127 1187 ¹

107 1189 263 1271 άσθενώς
275 1189 334 1271 τάς
352 1190 465 1272 κώπας
478 1190 662 1282 ἀνέφερον·
691 1194 854 1283 Τιμόθεος
866 1192 904 1264 δὲ
917 1191 1071 1283 ἀκμαίοις

55 1318 85 1362 ιο
108 1294 330 1383 πληρώμασιν
350 1293 569 1384 ἐπαναχθεὶς,
582 1304 766 1385 ναυμαχῶν
781 1293 947 1386 ἐνίκησεν.

191 1397 369 1485 Τιμόθεος,
384 1396 445 1487 τήν
454 1397 638 1469 Ὀλυνθίαν
651 1400 855 1489 βουλόμενος
869 1409 1067 1488 παρελθεῖν,
1086 1419 1103 1472 7

107 1499 269 1581 δεδοικώς
281 1500 318 1573 τό
334 1500 473 1571 ἱππικόν
485 1506 554 1571 τών
563 1501 755 1572 Ὀλυνθίων
769 1506 862 1585 ἔταξε
875 1501 913 1571 τό
927 1503 1066 1592 στρατό-

105 1609 215 1674 πεδον
236 1607 321 1684 είς
303 1603 499 1694 ετερόμηκες
517 1611 694 1693 πλινθίον,
723 1605 764 1675 τά
788 1605 851 1695 μὲν
876 1605 1068 1692 σκευοφόρα

104 1704 219 1776 καί
182 1734 244 1830 την
263 1712 369 1778 ’ίππον
390 1707 490 1789 είς
457 1736 493 1778 το
516 1709 620 1796 μέσον
638 1706 770 1796 λαβών,
796 1706 854 1787 τάς
880 1709 918 1777 δὲ
943 1705 1069 1795 ἀμάξας

55 1827 87 1876 ιε
105 1809 238 1890 πυκνάς
263 1808 357 1897 άγων
385 1811 442 1880 καὶ
467 1812 735 1899 σννηρτημὲνας,
765 1805 843 1890 τούς
869 1811 907 1880 δὲ
932 1805 1069 1891 ὁπλίτας

103 1913 237 1982 τούτων
250 1917 378 1996 ἔξωθεν
394 1911 604 2002 περιβαλών,
631 1910 716 1984 ώστε
729 1928 798 1995 τοις
807 1911 998 1994 Ὀλυνθίοις
1011 1918 1066 1985 ίπ-

104 2021 230 2086 πεῦσιν
243 2009 441 2098 ἀδύνατος
420 2046 464 2106 ην
476 2047 497 2106 η
485 2014 662 2087 ’ίππασία

190 2119 352 2208 Τιμόθεος
366 2121 444 2209 περὶ
460 2117 658 2210 Ἀμφίπολιν
672 2121 963 2214 ἐστρατοπέδευεν.
979 2117 1065 2207 Ἥγ-
1083 2138 1102 2188 ει

103 2224 198 2310 γειλέ
216 2249 266 2303 τις
285 2225 442 2312 ἑσπέρας,
462 2221 681 2314 ἀθροίζεσθαι
709 2221 787 2303 τούς
809 2230 988 2310 πολεμίους
1010 2217 1066 2292 ἐπ’

55 2341 86 2394 tv
103 2322 226 2411 αὐτόν,
252 2328 309 2395 καὶ
336 2322 381 2406 ώς
407 2326 649 2419 πολλαπλάσιοι
676 2323 714 2394 τὸ
734 2330 865 2413 πλῆθος
888 2323 985 2404 ὄντες
1010 2329 1068 2412 τής

102 2425 284 2517 όστεραίας
305 2429 534 2518 ἐπιθήσοιντο.
570 2425 612 2525 ’0.
628 2428 665 2498 δὲ
678 2443 747 2507 τοῖς
764 2428 826 2516 μὲν
852 2425 1069 2514 στρατιώταις

102 2529 146 2602 οό
165 2547 307 2617 προεῖπε
326 2537 396 2600 τών
417 2538 587 2620 πολεμίων
607 2529 645 2601 τό
667 2535 812 2619 πλῆθος,
836 2536 892 2599 ἵνα
907 2528 952 2618 μή
965 2556 1066 2598 κατα-

102 2644 281 2720 πλαγεῖεν·
302 2631 401 2714 αὐτὸς
422 2634 478 2721 δὲ,
498 2630 543 2714 ώς
556 2632 799 2729 ἐπιθησόμενος
817 2630 930 2713 αὐτοῖς
944 2629 1069 2720 ὀλίγοις

102 2729 181 2808 οὖσι
196 2739 253 2808 καὶ
268 2735 438 2824 ἀτάκτοις,
461 2736 499 2808 τό
513 2737 576 2826 μὲν
596 2734 732 2825 ἀχρεῖον
745 2742 806 2806 τοῦ
819 2735 973 2825 πλήθους
986 2760 1067 2824 προ-

64 2868 88 2906 ιε
105 2844 235 2930 ε’πεμπε
257 2837 314 2911 διά
332 2846 401 2910 τών
416 2832 656 2930 δυσπόρου,
633 2866 722 2930 ηπερ
733 2836 852 2929 ήκιστα
865 2844 899 2908 οί
915 2840 1068 2928 πολέμιοι

103 2944 359 3047 παραφυλάξειν
372 2951 525 3033 ἔμελλον
562 2941 673 3025 Αὐτός
692 2941 783 3013 δὲ
746 2971 810 3033 την
828 2942 984 3030 φάλαγγα
998 2946 1066 3012 ἐκί-
1109 3030 1111 3035 ,

103 3066 204 3138 νησε,
216 3045 295 3128 τούς
308 3026 429 3131 φιλοός
439 3054 653 3127 τελευταίους
666 3043 885 3133 ἐπιτάξας,
849 3073 907 3125 τας
922 3044 958 3114 δὲ
971 3043 1065 3135 τριή-

103 3179 174 3237 ρεις
187 3153 227 3221 ἐν
239 3177 286 3245 τφ
272 3149 476 3238 Στρυμόνι
495 3177 631 3245 ποταμφ
618 3155 824 3237 πληρώσαι
837 3176 879 3218 ου
869 3145 1066 3274 ’δυνηθείς

55 3322 57 3328 ,
103 3257 305 3343 ἐνέπρησεν·
319 3255 493 3324 καὶταῦτα
510 3254 619 3324 πάντα
632 3283 692 3346 μιᾳ
678 3253 803 3323 νυκτὶ
817 3247 976 3339 πράξας’
956 3270 1065 3340 ασφα-

70 3370 90 3415 ³⁰
104 3363 173 3439 λαός
182 3355 410 3445 ἀνεχώρησεν.

187 3459 351 3551 Τιμόθεος
365 3457 552 3549 ἐπολιόρκει
575 3457 708 3546 Σάμον,
734 3455 952 3546 ξενολογήσας
964 3476 1065 3546 στρατ
1083 3477 1101 3530 9

55 3596 69 3623 ἰ
101 3565 224 3645 τιώτας
243 3565 528 3652 ἑπτακισχιλίους·
550 3556 601 3641 οἷς
619 3557 682 3631 οόκ
697 3565 783 3646 ἔχειν
797 3564 916 3631 δοῦναι
931 3558 1066 3647 μισθόν,
