2318 3892
122 151 181 214 128
506 153 690 213 ΒΙΒΛΙΟΝ

119 329 418 413 τειχοκρατοῦντας.
454 329 498 392 Οί
517 324 570 409 δέ,
592 326 672 414 πρὶν
694 321 789 413 ήκειν
804 330 851 405 είς
863 339 992 415 χεῖρας,
1013 323 1078 415 ήδη

119 436 176 518 τής
189 428 315 508 πόλεως
328 424 500 516 ἐκράτουν.
950 452 952 457 ·

68 564 101 617 19
197 539 377 616 Φίλιππος,
405 535 523 599 ποδῶν
542 527 728 617 κτήσασθαι
750 537 958 616 Θεσσαλίαν,
980 528 1078 610 αὐτὸς

119 635 180 723 μέν
205 639 358 723 φανερῶς
385 630 446 701 οὐκ
471 633 623 719 ἐπολέμει
644 640 838 713 Θεσσαλοῖς·
863 641 1076 703 Πελινναίων

119 738 402 825 δὲπολεμούντων
410 743 611 823 Φαρσαλίοις
625 738 680 804 καὶ
689 744 844 824 Φεραίων
850 744 1074 827 Λαρισσαίοις,
1088 770 1095 808 ι

118 847 186 911 των
212 842 249 910 δὲ
269 838 381 909 ἀλλων
412 842 445 919 ἐς
463 839 602 919 τούτους
621 843 851 927 διῃρημένων,
880 837 934 909 ἀεὶ
955 861 1073 927 προσε-

119 943 238 1033 βοήθει
247 959 315 1023 τοῖς
328 948 476 1012 καλοῦσι.
498 947 616 1012 Νικων
631 942 668 1011 δὲ
682 940 744 1010 οὐκ
754 940 960 1023 ἀναστάτους
974 947 1075 1012 ἐποίει
1101 1028 1102 1039 ¹

119 1045 197 1127 τούς
209 1043 435 1136 ἡττωμένους,
456 1042 541 1114 ὅπλα
555 1041 595 1113 ού
611 1061 808 1134 παρηρεῖτο,
822 1052 913 1135 τείχη
927 1042 970 1116 ού
982 1048 1074 1116 κατέ·
1100 1042 1102 1089 ³

119 1158 216 1238 βαλε·
231 1146 288 1229 τάς
304 1148 434 1228 στάσεις
451 1154 569 1235 ἔτρεφε
583 1153 710 1235 μᾶλλον
722 1145 743 1238 ή
757 1155 873 1236 ἔλυεν,
893 1156 963 1219 τῶν
975 1146 1073 1219 ἀσθε-

30 1278 33 1286 ·
119 1254 286 1341 νεστέρων
313 1255 520 1340 ἐπεμελεῖτο,
548 1249 626 1332 τούς
647 1254 899 1342 δυνατωτέρους
921 1253 1099 1344 καθήρει,ι

119 1370 187 1435 τοῖς
226 1353 340 1444 δήμοις
376 1361 473 1441 φίλος
505 1345 562 1441 ήυ,
599 1351 677 1435 τούς
710 1354 930 1444 δημαγωγούς
957 1355 1074 1445 ἐθερά-

120 1486 234 1528 πευεν.
276 1455 411 1537 Τούτοις
433 1472 500 1536 τοῖς
523 1457 768 1546 στρατηγήμασι
792 1467 959 1542 Φίλιππος
980 1458 1074 1549 ἐκρά·

120 1583 200 1650 τησε
219 1557 470 1644 Θεσσαλίας,ού
484 1575 552 1640 τοῖς
571 1557 696 1641 ὅπλοις.

69 1694 104 1746 20
194 1672 369 1750 Φίλιππος,
384 1668 573 1751 πολιορκῶν
581 1663 689 1757 χρόνφ
703 1668 820 1757 μακρῷ
833 1662 944 1753 Φεράς
958 1662 1076 1752 ἐχυρόν

121 1769 364 1857 χωρίου,·ἑλείυ
380 1763 440 1853 ούχ
454 1761 522 1845 οἷός
535 1794 571 1834 τε
586 1762 652 1853 ἀν,
677 1763 890 1855 Ιἀποχωρήσαι
914 1767 1102 1855 βουλόμε·δ

121 1900 178 1951 νος
197 1868 354 1958 ἀσφαλῶς
373 1871 429 1938 καί
442 1867 482 1937 τά
501 1866 628 1956 ὄργανα
650 1874 707 1957 τής
728 1876 920 1959 πολιορκίας
935 1868 1077 1957 περισσό-

121 1984 246 2042 σασδαι
254 2025 264 2059 ,
282 1971 386 2053 νύκτα
401 1969 577 2060 σκοτεινήν
590 1972 829 2060 παραφυλάξας
843 1976 1001 2044 ἐκέλευσε
1014 1989 1079 2052 τοῖς

121 2091 355 2165 μηχανοποιοῖς
380 2073 532 2143 διαλύειν
552 2075 614 2162 μὲν
632 2072 672 2143 τά
686 2071 830 2164 ὄργανα,
851 2089 1030 2165 μιμεῖσθαι
1045 2075 1078 2146 δὲ

121 2178 249 2248 κτύπου
263 2173 331 2260 οἷος
344 2172 387 2247 ἀν
400 2181 530 2265 γένοιτο
544 2178 825 2265 συμπηγνύντων.
851 2185 896 2249 Οί
903 2180 939 2249 δὲ
956 2184 997 2248 ἐν
1012 2194 1079 2258 ταῖς

122 2293 266 2371 Φεραῖς,
282 2277 484 2360 ἀκούσαντες
497 2285 558 2350 τοῦ
571 2279 718 2367 κτύπου,
743 2281 802 2363 τάς
815 2283 923 2364 πύλας
935 2289 1079 2353 ἔνδοθεν
1090 2307 1102 2346 ι

122 2382 371 2474 ἀσφαλέστερον
390 2381 568 2453 ἀπέκλειον
581 2386 719 2464 καὶτοῖς
733 2385 966 2476 μηχανήμασιν
988 2384 1077 2456 ἀντι-

120 2487 337 2578 μηχανήματα
355 2484 561 2576 ηύτρέπιζον.
597 2494 764 2569 Φίλιππος
791 2490 844 2574 δὲ,
873 2492 951 2576 περὶ
978 2495 1079 2559 ταῦτα

45 2687 47 2691 Α
121 2591 391 2679 ἀσχολουμένων,
408 2588 464 2658 διά
478 2588 598 2671 νυκτός
614 2587 728 2672 αὐτοῖς
745 2592 981 2681 μηχανήμασιν
994 2589 1077 2681 ἀφα-

121 2694 182 2783 νής
195 2685 248 2781 ήν.

70 2810 103 2862 21
197 2803 363 2873 Φίλιππος
394 2793 582 2881 ἐπολιόρκει
612 2802 831 2881 Βυζαντίους,
858 2802 994 2884 ἔχοντας
1020 2793 1102 2867 οίαιε

121 2895 238 2987 ὀλίγην
273 2911 366 2986 χεῖρα
393 2896 585 2985 συμμάχων.
642 2896 787 2978 Τούτους
813 2895 993 2969 ἀπολιπεῖν
1022 2897 1078 2985 τήν

121 3009 312 3091 συμμαχίαν
340 2999 550 3086 ἐτεχυάσατο,
578 3001 708 3089 πέμψας
735 2998 940 3091 αὐτομόλους
961 3000 1076 3091 ἀχχέλ·

120 3115 255 3193 λουτας,
286 3100 329 3182 ἀς
351 3107 388 3172 αί
408 3102 520 3183 πόλεις
537 3100 651 3173 αὐτῶν
671 3100 737 3174 ὑπὸ
756 3112 931 3183 ΦιλίππουΙ
947 3115 1077 3192 πολιορ

121 3225 249 3293 κοῖυτο,
271 3203 573 3294 πέμφαντοςάλλας
588 3206 748 3295 δυνάμεις
768 3211 854 3294 ἐκεῖ,
879 3211 934 3279 καί
952 3206 994 3278 οὐ
1019 3236 1077 3296 μα·

121 3310 206 3399 κράυ
235 3307 390 3389 ἁλύσεως
419 3312 457 3377 αί
479 3310 600 3389 πόλεις.
650 3315 695 3379 ol
712 3311 774 3399 μὲν
795 3317 900 3381 ταῦτα
921 3308 1102 3400 ήχχελον·ι

122 3422 286 3493 Φίλιππος
308 3413 345 3481 δὲ
359 3409 504 3502 φανερός
524 3404 567 3501 ἦν
588 3414 785 3502 διαπέμπων
811 3417 894 3504 μέρη
911 3421 970 3503 τής
982 3439 1078 3504 στρα-

119 3523 189 3598 τιάς
207 3514 288 3586 ἀλλο
302 3512 448 3603 ἀλλαχοῦ
469 3520 516 3596 είς
538 3513 693 3604 δόκησιν,
715 3513 777 3588 ούκ
800 3519 857 3589 ἐπὶ
870 3521 1002 3608 πρᾶξιν.
1043 3519 1082 3589 Ol
