2318 3892
148 154 210 220 184
536 153 723 216 ΒΙΒΛΙΟΝ
1110 40 1117 213 δ

148 328 347 418 κληθέντων
362 326 464 396 ἑστία.
493 320 603 406 Αύτδς
616 324 673 411 δέ,
691 320 758 415 ῆδη
771 325 992 415 μεθυόντων,
1006 326 1043 407 ές
1054 329 1098 414 μέ-

54 484 58 491 -
148 452 229 511 σονς
242 427 442 519 παρελθόν,
462 425 633 515 κροκωτὸν
646 425 763 514 ἐνδύς,
789 436 1001 518 Ταραντῖνον
1018 453 1099 519 περι-
1125 464 1149 505 ο·

25 560 30 569 ·
149 533 334 623 βαλόμενος
359 526 768 622 ηύλησεν,’ἐκιθάρισεν,
804 528 996 622 ὠρχήσατο·
1031 528 1149 626 ύστειῆ

110 638 118 648 ’
149 633 212 722 ὑφ’
237 631 359 723 ῆδονῆς
378 634 527 721 θόρυβος
547 635 604 703 καὶ
621 633 739 723 κρότος
758 637 795 704 έκ
817 635 956 704 πάντων
973 623 1031 723 ἦν.
1061 632 1102 705 Ἐν
1127 669 1149 725 γε

151 739 188 809 δὲ
210 743 258 832 τῷ
276 742 382 830 καιρῷ
408 741 465 825 τῆς
483 731 607 826 ἡδονῆς
626 733 798 824 ὑπεξῆλθε
823 741 885 807 τού
910 743 1102 833 συμποσίου,
1127 748 1149 812 τί

152 837 195 921 ὡς
215 838 405 929 κεκμηκώς,
432 837 494 927 τῆν
515 841 641 929 ἐσθῆτα
662 837 825 923 ἀλλάξων.
861 836 1104 911 Ἐκυκλεόσαντυ
1128 876 1149 915 ιι

150 942 208 1013 τὸν
222 940 380 1030 ἀνδρῶνα
404 937 536 1011 ὁπλῖται
559 949 694 1012 πολλοί·
714 950 815 1031 χίλιοι
834 942 874 1017 δὲ
887 945 969 1031 ξίφη
983 941 1104 1013 σπασά·
1129 972 1149 1017 τ·-

151 1073 263 1135 μενοι,
292 1045 354 1114 δύο
383 1042 466 1114 κατά
494 1047 554 1114 ἕνα
578 1045 732 1133 στάντες,
766 1044 893 1126 πάντας
917 1040 1149 1135 ἀπέσφαξσνσ

150 1145 229 1228 τούς
243 1147 512 1235 κατακειμένους.

116 1275 134 1324 4
222 1247 429 1337 Ἀγαθοκλῆς
453 1245 597 1334 Ὀφέλαν
614 1254 814 1336 Κυρηναῖον
833 1244 899 1318 σύν
924 1251 1036 1337 πολλῆ
1052 1251 1106 1319 δυ·
1136 1253 1149 1323 «Ξ

153 1349 251 1440 νάμει
285 1350 532 1440 στρατεύσαντα
565 1348 760 1437 πυθόμενος
792 1348 880 1420 εἶναι
914 1350 1108 1439 φιλόπαιδα,
1143 1388 1149 1423 ·.

153 1450 280 1542 ὅμηρον
300 1451 392 1547 αύτῷ
415 1451 474 1523 τὸν
495 1458 585 1522 ίδιον
610 1449 687 1521 υίδν
710 1458 860 1541 ἔπεμψεν
880 1449 1109 1543 Ἡρακλείδην,

154 1552 280 1643 ὡραῖον
301 1552 400 1642 ὄντα,
426 1551 566 1644 έντολῆν
585 1553 666 1635 δούς
686 1558 733 1649 τῷ
756 1556 852 1624 παιδί
878 1551 1053 1645 ἀντισχεῖν
1073 1560 1110 1647 τῆ

153 1666 254 1751 πείρᾳ
276 1661 390 1748 μέχρις
408 1655 534 1745 ὀλίγων
555 1652 698 1747 ῆμερύν.
726 1647 830 1727 Ἦκεν
851 1653 871 1727 ὁ
890 1673 985 1739 παῖς·
1009 1656 1110 1729 όΚν·

154 1777 290 1853 ρηναῖος
315 1766 373 1850 τῆς
403 1758 491 1851 ὥρας
518 1756 705 1849 ῆττόμενος
725 1776 899 1848 περιεῖπεν
924 1757 1034 1833 αύτδν
1059 1761 1111 1833 καλ

154 1862 232 1952 περὶ
252 1862 315 1951 τῆν
334 1871 522 1952 θεραπείαν
542 1859 648 1931 αύτού
670 1862 778 1952 μόνην
796 1859 980 1952 ἠσχολεῖτο.
1019 1861 1111 1952 Ἀγα·

153 1970 279 2054 θοκλῆς
293 1962 392 2053 ἀφνω
413 1964 491 2045 τούς
505 1968 761 2052 Συρακουσίους
780 1962 987 2054 έπαγαγεδν,Ι
1000 1966 1062 2039 τόν
1079 1993 1112 2036 τε

151 2064 293 2155 Ὀφέλαν
317 2064 493 2137 ἀπέκτεινε
518 2068 574 2136 καί
599 2072 657 2157 τῆς
683 2068 860 2156 δυνάμεως
887 2065 995 2139 αύτού
1016 2067 1149 2165 &noi-1

153 2190 249 2258 τησε,
264 2170 321 2261 καὶ
334 2167 393 2239 τὸν
410 2167 487 2239 νίδν
500 2166 669 2257 ἀπέλαβεν
682 2167 743 2257 ούχ
754 2166 973 2258 ὑβρισθέντα.
1143 2188 1149 2253 λ

121 2293 137 2343 5
228 2269 434 2363 Ἀγαθοκλῆς
442 2324 456 2370 ,Ι
476 2271 753 2361 ἐπὶ’Καρχηόόνα
774 2278 975 2345 διαπλεῦσαι
995 2270 1111 2363 βουλό·

153 2400 269 2463 μενος,
290 2371 354 2463 ῆδη
374 2378 507 2463 μέλλων
519 2371 705 2462 ἀνάγεσθαι
720 2375 905 2464 δοκιμάζει,
920 2383 1012 2456 τίνες
1024 2374 1112 2472 αύτβ
1141 2400 1148 2457 ι

153 2482 420 2547 συνδιαπλεύσαι
434 2474 606 2564 δύναιντο,
622 2480 680 2547 καί
692 2476 734 2568 δῆ
748 2482 980 2567 προέγραψεν,
1000 2474 1111 2551 “Ἐπι·
1142 2520 1149 2560 ι

154 2583 265 2667 τρόπω
280 2595 350 2660 τοϊς
361 2583 579 2670 βουλομένοις
593 2578 733 2663 ἑαυτούς
746 2580 882 2667 σύζειν,
903 2583 1028 2665 ἐξιέναι
1047 2586 1112 2652 τόν
1125 2598 1129 2607 “
1144 2598 1149 2660 ξ

153 2686 241 2749 νεῶν
260 2680 343 2768 μετά
366 2688 435 2751 τόν
456 2687 555 2752 ίδίων
574 2679 785 2779 κτημάτων.”
814 2680 969 2774 Ἐξῆλθυι
986 2689 1112 2773 συχνοί
1146 2723 1149 2762 =

159 2779 243 2863 Τούς
253 2781 315 2871 μὲν
328 2781 370 2872 δῆ
385 2790 512 2853 ἔκτεινε
525 2783 653 2863 πάντας
673 2781 718 2866 ύς
731 2783 863 2867 δειλούς
876 2787 933 2857 καὶ
942 2783 1111 2868 ἀπίστους·
1122 2794 1139 2839 ¹

152 2880 232 2965 τούς
257 2885 296 2953 δέ
310 2891 489 2973 μείναντας
508 2881 553 2967 ύς
580 2883 759 2973 ἀνδρείους
778 2890 835 2958 καί
860 2884 1000 2969 πιστούς
1021 2891 1112 2960 έπαι·

153 2988 253 3067 νέσας
274 2988 432 3074 διέβαλεν
450 2992 498 3068 είς
510 2985 573 3076 τῆν
584 2988 720 3076 Λιβύην
739 2988 898 3078 ἑξήκοντα
916 2991 1039 3077 ναυσὶ,
1059 2992 1114 3061 καί
1145 2998 1149 3105 ῆ

153 3093 211 3178 τῆς
225 3094 285 3179 γῆς
302 3087 420 3179 έκιβάς
436 3095 635 3178 παραχρῆμα
648 3089 708 3170 τάς
720 3097 804 3172 ναύς
817 3094 1012 3181 ἐνέπρησεν,
1027 3090 1115 3174 ὅπως

154 3188 369 3278 ἀγωνίζοιντο
383 3190 597 3280 γεναιότερον
610 3196 646 3262 οί
656 3199 872 3281 στρατιῶται,
892 3194 930 3264 τό
944 3195 1114 3267 δύνασθαι

154 3292 297 3382 φεύγειν
321 3295 376 3364 έκλ
396 3300 465 3364 τῶν
492 3299 581 3364 νεών
607 3290 849 3382 ἀπεγνωκότες.
890 3296 1028 3379 Τούτοις
1046 3312 1145 3380 τοις*

154 3395 402 3485 στρατηγῆμασι
415 3396 621 3485 χρησάμενος
632 3393 839 3486 Ἀγαθοκλῆς
851 3395 966 3470 αύτύν
977 3428 1015 3471 τε
1022 3408 1114 3493 Καρ-

153 3502 323 3587 χηδονίων
337 3500 392 3569 καί
406 3504 540 3573 πολλάν
553 3501 591 3570 έν
602 3499 715 3591 Λιβύη
728 3499 862 3572 πόλεων
874 3502 1070 3595 ἐκράτησεν.
