2318 3892
327 185 343 201 ‘
444 201 673 262 TETAPTON.
981 206 1040 268 τοι)

74 374 179 460 ορτού
194 368 281 480 τρλύ
293 375 423 460 πλῆθος
437 368 566 442 ἐπιέναι
581 380 792 461 νομίσαντες,
813 373 933 447 αὐτίκα
954 383 1038 466 ἔφυ-

73 497 154 561 γον·
176 474 233 543 καὶ
246 479 282 543 ολ
292 483 440 544 πλεῖστοι
454 476 516 563 μὲν
529 473 567 544 ἐν
580 482 627 570 τῷ
643 483 779 573 ποταμῷ
790 480 1039 570 διεφθάρησαν,
1111 551 1116 563 s

71 579 198 648 πολλοὶ
217 577 254 646 δὲ
267 579 324 647 ναὶ
338 582 457 716 ζάνχες
471 575 632 649 ἑάλωσαν.

395 710 439 812 ιο.
458 756 524 827 (ιν.)
543 762 740 817 ευυεοοε»

146 881 323 971 Ἄτταλος,
343 883 508 964 Γαλάταις
523 886 671 974 μεγάλην
687 885 833 974 δύναμιν
845 893 961 975 ἔχουσι
975 913 1036 957 τια-

73 985 301 1075 ρατάττεσθαι
328 987 476 1076 μέλλων,
503 984 594 1077 όριόν
612 986 690 1069 τούς
710 991 912 1078 στρατιώτας
935 1018 1038 1059 κατα-

72 1088 304 1178 πεπληγότας,
325 1087 498 1178 εύθύμους
511 1097 645 1180 ποιῆσαι
660 1091 864 1180 βουλόμενος
877 1090 958 1180 πρός
978 1091 1038 1161 τόν
1132 1133 1140 1151 x

72 1197 242 1262 τιίνδυνου
262 1197 319 1281 τῆς
339 1192 460 1280 μάχης,
484 1198 588 1282 ίερελα
602 1193 849 1283 παρεσκεύασε,
863 1201 1038 1264 Σουδίνου

75 1299 253 1365 Χαλδαίου
265 1294 414 1384 μάντεως
427 1294 488 1386 τὴν
502 1303 629 1366 θυσίαν
643 1297 878 1386 βραβεύοντος.
908 1294 944 1367 Ὁ
964 1298 1037 1387 μὲν,

55 1428 62 1466 ι
78 1395 259 1485 εὐξάμενος
279 1399 336 1467 καί
350 1405 503 1484 σπείσας,
525 1397 664 1488 άνέτεμε
676 1399 714 1468 τὸ
729 1405 867 1489 ἱερεῖον·
885 1395 903 1469 ό
918 1402 955 1470 δὲ
973 1409 1034 1489 βα-

71 1497 211 1587 σιλεύς,
225 1507 346 1588 κηκίδα
359 1509 496 1589 τρίψας,
511 1499 701 1591 ἐπέγραψεν
721 1500 776 1572 ἐπὶ
788 1502 851 1593 την
867 1519 962 1592 χείρα
978 1502 1039 1591 τὴν

80 1601 211 1688 δεξιάν,
228 1599 418 1685 “Rama-‘mg
435 1612 513 1693 νίκη
521 1601 553 1690 ,”
579 1605 801 1693 ποιησάμενος
820 1603 882 1694 τὴν
902 1604 1038 1694 ἐπιγρα·

80 1705 152 1797 (μὴν
168 1703 230 1775 ούκ
249 1703 315 1775 άπό
326 1712 394 1776 τάν
408 1704 594 1796 ἀριστεράν
608 1705 662 1777 ἐπὶ
676 1705 784 1794 δεξιά,
797 1705 874 1777 ἀλλ’
897 1715 1039 1795 ἔμπαλιν

80 1805 146 1879 άπὸ
158 1813 227 1879 τόν
241 1812 360 1891 δεξιάν
375 1807 429 1879 ἐπὶ
443 1808 483 1877 τά
501 1808 673 1899 άριστερά·
687 1812 742 1880 καλ
755 1815 824 1880 τάν
839 1809 1040 1898 σπλάγχνων

55 1909 344 2001 ,ε.ἓξαιρουμε’νων,
370 1908 493 1999 ὑπέσχε
518 1911 581 2002 τὴν
606 1928 717 2002 χεῖρα,
744 1918 803 2003 τῆς
829 1919 967 2001 πηαίδος
994 1919 1041 1993 είς

82 2013 212 2102 θερμόν
231 2016 288 2084 καί
309 2012 428 2104 άραιδν
447 2014 549 2104 λόβυν
563 2013 813 2105 άπομαξάμενος
825 2014 886 2105 την
902 2014 1040 2102 ε’πιγρα-

83 2117 161 2207 φήν.
193 2113 228 2185 ‘0
248 2119 366 2205 μάντις
388 2114 528 2200 ἐπεξιών
547 2117 625 2199 τούς
645 2117 766 2206 λοβούς
780 2121 836 2189 καί
851 2117 914 2207 την
928 2117 1041 2207 χολὴν,

82 2220 189 2300 πύλας
201 2245 238 2288 τε
254 2218 295 2308 δὴ
306 2221 363 2288 καί
378 2220 544 2307 τράπεζαν
557 2224 614 2290 καὶ
629 2219 691 2291 ὅσα
705 2219 789 2290 άλλα
806 2238 925 2310 σημεῖα
938 2247 1039 2290 κατα-

81 2329 189 2409 νοῶν,
216 2321 399 2409 άνίστρεψε
418 2321 477 2392 τόν
501 2322 603 2411 λοβόν
624 2322 684 2413 τόν
698 2330 815 2410 ἔχοντα
828 2322 890 2412 τὴν
903 2321 1040 2411 ἐπιγρα-

55 2424 170 2514 οφὴν,
193 2423 241 2494 δι’
256 2416 295 2514 ἧς
312 2422 471 2514 ἐδηλοῦτο
491 2427 653 2514 βασιλέως
672 2433 760 2515 νίκη.
793 2424 904 2507 Αύτός
924 2453 961 2494 τε
980 2417 1043 2494 οὖν

79 2525 274 2615 δπερχαρης
288 2524 440 2615 ἐγένετο,
462 2532 519 2597 καὶ
539 2534 587 2622 τῷ
608 2527 734 2616 πλήθει
747 2533 816 2597 τάν
829 2532 1043 2617 στρατιωτῶν

79 2634 189 2712 ἔδειξε
218 2627 256 2698 τό
282 2647 436 2719 σημεῖον·
458 2634 492 2698 οί
514 2630 551 2700 δὲ
578 2630 736 2710 ἐλθόντες
754 2630 810 2698 καὶ
829 2628 1044 2719 άναγνόντες,

79 2732 235 2822 θάρσους
249 2729 505 2822 ἐνεπλήσθησαν
518 2733 572 2801 καὶ
583 2731 705 2812 πάντες
713 2729 912 2821 άνεβόησαν,
927 2732 1042 2802 κελεύ-
1143 2744 1147 2752 ’

79 2862 177 2915 οντες
190 2831 286 2921 άγειν
301 2833 355 2904 ἐπὶ
368 2832 445 2915 τούς
460 2834 666 2924 βαρβάρους,
686 2836 742 2904 καὶ
757 2834 940 2925 προθύμως
954 2833 1042 2922 άγω-

55 2971 64 3009 ε
79 2937 256 3026 νισάμευοι
269 2936 348 3017 τούς
361 2936 512 3017 Γαλάτας
530 2935 699 3025 ἐνίκησαν.
714 3028 718 3035 Ι

290 3114 327 3170 21.
349 3115 418 3182 (ιο.)
437 3119 614 3170 μονεντε
632 3118 834 3171 ΦιαΠτΠον.

160 3240 323 3328 Περσεύς,
332 3237 501 3328 Ῥωμαίων
515 3239 697 3328 ἐλέφαντας
711 3239 879 3328 άγόντωυ,
894 3237 971 3319 τούς
983 3238 1046 3325 μὲν

80 3342 119 3413 ἔτι
141 3343 289 3432 Λιβύης,
313 3342 390 3423 τοὺς
410 3343 447 3412 δὲ
470 3341 597 3424 Ἰνδούς
617 3341 706 3432 παρά
726 3341 897 3430 Ἀντιόχου
917 3347 1046 3429 Συρίας

81 3447 264 3534 βασιλέως,
287 3444 402 3535 ἵναμὴ
418 3445 536 3516 καινόν
549 3447 605 3516 καί
620 3445 768 3534 φοβερόν
781 3461 850 3525 τοῖς
871 3449 986 3523 ἵπποις
1007 3441 1045 3511 τό

55 3556 208 3640 ιθηρίον
228 3554 370 3638 φανείη,
392 3549 572 3639 προσέταξε
595 3564 664 3629 τοῖς
685 3549 907 3640 χειροτέχναις
921 3551 1045 3618 είδωλα
