2318 3892
435 177 601 240 TPITON.
936 181 996 243 103

39 348 73 419 δὲ
86 347 124 418 τό
136 352 260 437 ἱερεῖον
274 347 489 437 παραλαβων,
504 355 565 420 τοῦ
573 349 994 441 ποιμένοςάπαλλαγέντος,
1078 437 1089 452 .

39 445 229 539 όφαγιάζειν
244 458 292 532 είς
308 450 368 522 τὸν
381 450 529 541 ποταμόν
542 450 670 542 ἤρχετο.
689 457 758 525 Καὶ
773 454 814 545 δὴ
832 453 991 544 τότεἸφι-

39 555 156 644 ιράτης
184 554 430 643 καθαλόμενος,
465 561 523 644 τῆς
550 563 715 644 σφαγίδος
741 558 992 649 ἐπιλαβόμενος,

39 655 137 729 αότόν
155 657 218 746 μέν
236 655 430 729 ἀποκτείναι
447 655 622 746 άπέσχετο,
643 667 931 751 προσομολογῆσαι
954 663 992 732 δὲ

39 757 55 830 ά
66 763 257 850 συνέφερεν
270 759 361 856 αὐτῷ
375 763 635 849 κατηνάγκασεν.

106 860 290 954 Ἰφικράτης
304 868 341 934 έν
355 863 487 954 Θράκη,
506 864 797 953 προσκαθημένων
808 870 990 954 πολεμίων,
1008 877 1039 930 41

39 967 195 1055 ένέπρησε
216 965 338 1048 νυκτὸς
357 966 421 1056 τὴν
438 964 562 1055 μεταξὺ
579 965 780 1057 ἀμφοτέρων
804 964 908 1056 ὕλην,
935 970 992 1037 καλ

39 1067 70 1141 τά
82 1069 276 1160 σκευοφόρα
295 1072 352 1140 καὶ
372 1069 480 1141 πολλά
496 1069 682 1160 τετράποδα
695 1069 905 1157 καταλιπόν,
930 1077 992 1141 τοῦ

39 1179 163 1245 ιαπνοῦ
173 1171 494 1262 σκοτεινοτέραντην
505 1173 612 1245 νύκτα
621 1179 805 1260 ποιοῦντος,
819 1171 990 1264 άνεχοόρη-

39 1275 243 1356 ῐενέςτόπον
254 1275 361 1346 δασὺν
369 1279 426 1346 καὶ
434 1276 585 1348 σόσκιον.
602 1273 743 1366 Ἡμέρας
751 1276 789 1346 δέ
799 1280 991 1367 γενομένης,

39 1383 62 1448 ιί
76 1385 217 1471 Θρᾷκες,
231 1381 286 1449 έπλ
300 1378 340 1450 τά
350 1378 576 1466 στρατόπεδον
591 1378 764 1466 ἐλθόντες,
779 1377 903 1451 οὐδένα
922 1387 991 1451 τῶν
1108 1454 1111 1461 ,

39 1481 194 1570 Ελλήνων
208 1477 363 1572 εὑρόντες
378 1479 537 1572 άρμησαυ
555 1485 611 1554 ἐπὶ
624 1479 778 1572 ἁρπαγὴν
790 1488 859 1553 τῶν
872 1511 988 1573 τετρα·

39 1583 148 1655 τόδωυ
166 1588 224 1655 καί
239 1590 309 1656 τάν
321 1585 550 1674 σκευοφόρων.
585 1583 770 1675 Ἰφικράτης
788 1589 989 1675 διεσπασμέ-

39 1715 101 1768 ιοις
121 1689 296 1776 έπιφαυελς
317 1691 354 1759 ἐκ
381 1693 441 1759 τοῦ
466 1695 592 1777 χωρίου
622 1691 904 1777 συντεταγμένος,
932 1691 989 1759 καὶ

39 1790 108 1872 τοὺς
127 1799 307 1880 πολεμίους
320 1794 454 1881 ἐνίκησε
466 1791 523 1859 καὶ
535 1789 577 1860 τά
592 1790 784 1880 σκευοφόρα
799 1797 935 1860 ἔσωσεν.

103 1890 307 1985 Ἰφικράτης,
318 1893 452 1983 νύκτωρ
463 1895 661 1982 ἐπιθέμενος
672 1900 802 1988 χωρίςο,
815 1892 893 1976 τούς
905 1905 986 1966 σαλ-
1005 1909 1040 1962 42

39 1994 169 2085 τιγκτάς
186 1999 240 2068 ἐπὶ
253 1995 360 2068 πολλά
372 1999 456 2088 μέρη
470 1998 676 2086 διαπέμψας,
696 2000 851 2068 ἐκέλευσε
867 2005 988 2087 σημαί-

39 2128 115 2172 ιειυ,
144 2105 190 2170 OC
200 2101 351 2191 πολέμιοι
364 2099 446 2190 πρὸς
459 2097 519 2172 τόν
530 2092 612 2191 ἦχον
623 2098 722 2182 άλλος
735 2099 819 2190 άλλη
834 2104 987 2172 διέθεον·

39 2199 117 2290 ἰδέ,
138 2207 331 2292 ἐλαχίστους
347 2201 427 2285 τοάς
446 2207 733 2292 καταλειφθέντας
751 2203 905 2292 νικάσας,
926 2207 986 2297 ῥα-

39 2312 111 2386 λίως
125 2306 284 2396 ἐκράτησε
297 2311 358 2377 τοό
371 2314 506 2396 χορίου.

96 2407 304 2496 Ἰφικράτους
327 2405 423 2489 ὄντος
448 2411 486 2478 έν
515 2414 696 2500 Κορίνθῳ,
727 2405 988 2495 Λακεδαιμόνιοι
1005 2425 1040 2481 43

39 2518 204 2602 ταρῆλθον
217 2518 266 2592 είς
277 2508 340 2600 την
354 2510 464 2582 πόλιν.
493 2505 529 2578 Ὁ
544 2511 583 2580 δέ
595 2507 657 2583 οὐκ
677 2506 784 2589 εὐθὺς
803 2506 987 2587 άπεκινδύ·

39 2637 129 2686 ιευσε
149 2612 212 2704 την
225 2612 372 2704 δύναμιν
391 2610 592 2703 συμβαλών·
613 2610 697 2681 άλλά
709 2610 846 2700 μαθὼν,
862 2607 906 2694 ὦς
919 2619 989 2684 ἔστι

39 2719 66 2790 τά
87 2719 164 2809 περὶ
182 2716 245 2807 τὴν
270 2717 370 2789 πόλιν
389 2713 582 2806 ὀχυρώτατα
605 2721 711 2804 χωρία
739 2722 863 2806 ἔρημα,
882 2722 988 2787 ταῦτα

39 2819 310 2912 τροκαταλαβῶν,
330 2834 399 2900 τοῖς
418 2823 456 2890 έν
476 2824 517 2912 τῇ
535 2817 632 2889 πόλει
653 2815 886 2910 προάκήρυξεν
900 2823 987 2891 ἰέναι

39 2924 111 3014 τρός
124 2921 237 2995 αὐτόν.
269 2922 442 3008 Ἑξιόντων
456 2923 493 2992 δέ
505 2922 644 2992 πάντων
656 2923 713 2993 καὶ
726 2918 986 3013 ἀθροιζομένων,

39 3035 60 3099 ιλ
70 3025 330 3116 Λακεδαιμόνιοι
350 3023 388 3097 τδ
407 3031 537 3112 πλῆθος
557 3027 766 3114 φοβηθέντες
778 3022 904 3113 καὶτήν
918 3052 985 3112 φυ-

39 3129 132 3220 ‚anniv
147 3136 214 3199 τῶν
228 3128 361 3218 ὀχυράν
373 3125 501 3215 τόπων,
514 3125 634 3216 άμαχεὶ
653 3125 837 3215 φεύγοντες
851 3123 987 3220 ᾤχοντο.

97 3232 302 3322 Ἰφικράτης,
317 3229 515 3320 Ἀβυδηνοῖς
530 3236 686 3319 πολεμῶν
701 3231 778 3318 περὶ
791 3229 983 3320 Χερρόυνη-
1002 3250 1038 3303 44

39 3357 105 3423 σου,
139 3342 263 3425 χωρίον
288 3361 320 3404 τι
347 3331 546 3423 καταλαβάν
573 3335 744 3420 ἐτείχιζεν,
783 3328 827 3413 άς
855 3333 983 3421 φοβού-

39 3467 125 3520 ιενος
135 3435 324 3527 Ἀναξίβιον
342 3437 402 3507 τὸν
415 3435 572 3507 Λάκωνα.
599 3433 779 3524 Ἀβυδηνοὶ
799 3435 855 3521 δέ,
875 3430 986 3524 ὀροῖν·

39 3570 80 3627 τες
94 3545 337 3633 οἰκοδομοῦντα
347 3536 386 3613 τὸ
398 3555 516 3631 τεῖχος,
529 3537 785 3630 κατεφρόνησαν
798 3535 842 3621 ὡς
856 3546 984 3628 φοβου-
