2318 3892
142 176 202 235 152
530 173 716 243 ΒΙΒΛΙΟΝ
1129 31 1139 239 δ

146 342 195 421 άν
215 337 412 440 Βιδήριος
393 372 491 434 ηρχε,
513 347 724 435 συνθέμενος
748 343 874 440 ἑκάστῳ
888 342 1021 417 δώσειν
1032 374 1105 435 χρυ

35 518 42 529 ,
147 457 231 524 σοῠν
244 446 544 573 Μακεδονικὸν,“
525 477 635 539 ομηρα
659 448 740 530 δοδς
760 452 823 520 τοῦ
842 452 975 539 μισθοῦ
989 447 1106 540 ἀνδρας

147 556 203 629 καὶ
217 561 340 634 παῖδας
359 557 428 623 τών
444 547 605 638 εὐγενῶν.
634 547 677 622 H
692 549 778 642 μάχη
799 550 883 642 πρός
891 550 1107 643 Ἀντίπατρον

147 661 338 747 (ἐγίνετο)
380 657 454 727 ἐπεὶ
483 655 520 724 δέ
549 656 701 744 ἐγένετο,
736 660 770 725 οἱ
793 654 944 726 Γαλάται
972 654 1035 727 τόν
1059 684 1107 746 μι-
1145 690 1151 731 ι

18 750 20 759 ’
147 759 235 833 σθὸν
256 756 418 849 ἀπῄτουν.
454 755 643 844 Ἀντίγονος
671 757 799 851 ἑκάστω
815 757 1030 853 θυρεαφόρηι
1055 754 1151 851 τδνρ

149 861 274 955 μισθὸν
296 860 399 934 ἀπεδί
402 868 472 933 δον.
508 866 552 931 Οί
564 861 711 933 Γαλάται
731 828 790 932 καλ
808 876 878 943 τοις
897 859 1041 944 ἀόπλοις
1058 863 1151 935 καλε

149 983 221 1047 ταις
246 967 378 1054 γυναιξὶ
405 965 462 1035 και
487 980 556 1045 τοῖς
582 961 747 1034 παιών’
727 963 897 1056 ἀπῄτουν·
922 969 1029 1036 τοῦτο
1052 963 1105 1055 γὰρ
1135 997 1151 1037 τ

150 1066 367 1155 είναι,“Τών
381 1075 543 1141 Γαλατῶν
559 1069 609 1138 ἐνὶ
623 1063 783 1162 ἑκάστρ.”
805 1059 873 1147 Ἦν,
889 1057 974 1153 οὖν,
1002 1074 1038 1140 εί
1056 1068 1105 1159 ‘ab
1134 1101 1151 1140 ιι

149 1176 183 1259 οί
201 1171 335 1261 μάχιμοι
362 1169 586 1259 λαμβάνοιεν,
621 1170 799 1261 τριάκοντα
823 1169 989 1242 τάλαντα·
1016 1176 1051 1242 εί
1077 1169 1103 1241 δέ
1134 1197 1151 1242 σ

150 1271 232 1363 μετά
247 1280 316 1344 τών
329 1270 528 1362 ἀπομάχων,
544 1274 674 1344 ἑκατόν.
699 1270 894 1361 Ἀφίσταται
917 1272 963 1361 δὴ
986 1272 1029 1345 τό
1047 1282 1102 1345 ra·
1135 1274 1151 1343 6

151 1373 288 1447 λατικὸν
304 1377 361 1446 καὶ
382 1373 460 1457 τοὺς
478 1372 623 1468 ὁμήρους
642 1372 857 1447 ἀποκτείνειν
869 1374 1015 1465 ἠπείλει.
1043 1375 1101 1448 'Ar
1138 1407 1151 1446 ι

150 1485 282 1567 τίγονος
315 1485 430 1560 δείσας
457 1481 535 1566 περὶ
558 1494 628 1560 τοίς
655 1477 876 1569 ὁμηρεάουσι,
902 1477 1104 1569 πρεσβευτὴν
1139 1509 1151 1549 ι

151 1589 318 1670 ἐπεμψεν,
352 1581 414 1653 ὅσα
449 1587 580 1654 αἰτοῦσι
614 1582 738 1653 δώσειν
770 1578 1056 1673 ὑπισχνούμενος,
1082 1586 1105 1651 εί
1144 1615 1151 1645 ι

151 1686 320 1775 πέμψειαν
332 1683 411 1767 τοὺς
431 1687 642 1776 ληψομένους
654 1684 691 1754 τὸ
705 1691 854 1775 χρυσίον.
884 1689 931 1755 Οί
941 1685 999 1772 δδ,
1020 1713 1103 1775 περι·

150 1804 263 1878 χαρεῑς
275 1792 321 1883 τῷ
343 1789 466 1878 πλήθει
480 1796 551 1858 τῶν
564 1788 758 1879 χρημάτων,
779 1785 1033 1877 τοάςιάρίστους
1046 1796 1102 1859 Πι-

151 1896 263 1960 λατών
276 1888 330 1961 οἷα
345 1891 387 1980 δὴ
402 1891 634 1982 χρυσοφόρους
647 1898 811 1979 ἔπεμψαν.
833 1887 1045 1980 Ἀντίγονος,
1057 1918 1106 1961 κι-

151 1991 283 2080 τασχών
303 1993 381 2074 τοὺς
401 1992 559 2083 ἥκοντας,
577 1991 641 2064 οὐκ
656 1991 766 2074 ἀλλοις
784 2000 850 2082 ἐφη
863 2006 934 2074 τολς
951 1994 1109 2073 Γαλάταις

149 2094 229 2174 τούς
257 2094 384 2187 ἀνδρας
416 2094 622 2182 ἀποδώσειν,
657 2095 754 2185 εἰμὴ
784 2094 923 2177 τοὺτους
950 2094 1110 2188 ἀπολάβοι

150 2197 264 2269 πάλιν.
293 2205 338 2287 Οβ
350 2197 513 2288 Γαλάται,
527 2198 770 2283 σπουδάζοντες
783 2197 1030 2273 ἀνασώσασθαι
1040 2199 1112 2280 τοδς

150 2297 281 2388 αδτών,
310 2301 493 2383 ἀποδόντες
510 2302 589 2384 τοὺς
609 2298 770 2429 ὁμήρους,
799 2300 873 2372 τότε
899 2300 979 2385 τοδς
1007 2310 1112 2384 ἰδίους
1142 2340 1151 2375 2

150 2401 428 2495 ἀπολαμβάνουσι
459 2407 517 2476 καί
551 2404 617 2476 σάν
642 2403 756 2486 αὐτοῖς
780 2404 822 2475 τά
849 2405 1033 2494 τριάκοντα
1056 2405 1113 2478 τά·

151 2515 266 2577 λαντα.
997 2540 1000 2545 ·

101 2634 136 2686 18
226 2608 415 2698 Ἀντίγονος
434 2609 692 2699 Κασσάνδρειαν
720 2609 926 2698 ἐπολιόρκει,
950 2558 1114 2702 βουλόμε-
1137 2490 1151 2737 δ

152 2739 210 2792 νος
229 2716 355 2795 ἐξελεῖν
369 2710 624 2839 Ἀπολλόδωρον
642 2711 702 2783 τὸν
715 2714 1034 2803 Κασσανδρέων’
989 2742 1115 2805 τνραν·

152 2841 224 2885 νον.
257 2817 350 2886 Δίκα
372 2821 490 2904 μηνών
511 2816 629 2911 χρόνος
649 2808 693 2904 ἦν
718 2821 759 2907 τῇ
785 2822 972 2909 πολιορκίᾳ.
1004 2815 1151 2899 Αάτδςσ

152 2918 215 3007 μὲν
229 2913 457 3006 ἀνεχώρησεν·
470 2916 642 3008 Ἀμεινίαν
650 2918 687 2987 δὲ
700 2915 761 2988 τὸν
775 2916 1017 3008 ἀρχιπειρατὴν
1029 2932 1117 2993 καθ·

122 3027 212 3109 ’ἧκε
230 3021 489 3111 συνθησόμενον
515 3027 634 3108 φιλίαν
661 3020 745 3109 πρὸς
766 3018 1032 3111 Ἀπολλόδωρον.
1084 3020 1118 3094 ‘0

153 3124 190 3192 δὲ
153 3125 342 3213 δκήρυκα
361 3125 493 3249 πέμρας
506 3122 673 3211 πραΰνειν
685 3121 881 3212 Ἀντίγονον
894 3127 1119 3213 ἐπηγγέλλετο

151 3226 208 3295 καὶ
227 3234 316 3295 σιτία
336 3224 443 3297 πολλά
461 3227 519 3295 καὶ
539 3224 634 3297 οἶνον
654 3229 815 3316 πέμπειν,
838 3225 905 3298 ώστ
909 3225 1047 3300 ’ἐδόκει
1060 3256 1118 3303 πι-

150 3326 227 3408 στὸς
249 3326 425 3418 Ἀμεινίας.
468 3332 512 3398 Οἱ
538 3328 577 3399 δέ
602 3325 688 3418 ἀμφὶ
718 3329 778 3399 τὸν
798 3330 989 3457 τόραννον,
1009 3360 1054 3424 τη
1077 3360 1113 3403 τι

146 3427 316 3518 ’ίμεινίου
343 3439 464 3524 φιλία·
456 3431 679 3512 πιστεύοντες
704 3434 761 3502 καὶ
794 3461 851 3522 της
865 3420 1034 3517 ἀπουσίας
1058 3356 1151 3565 τῆςδ

147 3529 342 3623 Ἀντιγόνου
355 3540 666 3627 καταφρονοῦντες,
686 3531 749 3608 οάκ
762 3531 909 3628 ἀκριβάς
925 3536 1115 3628 ἐφύλαττον
