2318 3892
72 153 133 217 318
459 154 648 214 ΒΙΒΛΙΟΝ·

71 334 149 420 ριήν
163 325 304 418 άόελφή.
326 326 441 417 Θήβας
452 328 662 407 κατέσκαψεν
670 323 897 418 Ἀλέξανδρος.
918 322 1024 398 Ἀλλοι

70 434 133 523 μέν
155 430 196 522 δή
218 430 303 501 άλλα
321 437 380 520 τῆς
398 429 527 510 πόλεως
544 429 736 519 ἐπόρθουν·
774 437 973 520 Τιμοκλείας
989 430 1023 500 θλ

69 535 132 626 τήν
149 541 259 605 οίκίαν
270 532 470 622 κατελάβετο
481 536 570 625 Θρᾷξ
582 539 755 622 ἵππαρχος.
784 525 895 615 Οὗτος
906 529 926 605 ό
939 536 1024 625 Θρᾷξ

69 637 152 728 μετά
165 637 202 708 τό
216 643 355 708 δεῖπνον
369 636 478 707 ἐκάλει
496 634 558 726 τήν
577 635 775 726 Τιμόκλειαν
794 640 829 719 ἐς
845 634 908 707 τόν
920 636 1022 707 θάλα·

70 772 152 832 μον,
164 744 221 811 καλ
236 738 316 818 οὐδὲ
333 738 565 829 τοῦτομόνον,
582 737 667 811 άλλά
678 742 734 810 καλ
747 738 875 829 χρυσόν
887 742 945 810 καλ
964 734 1043 825 άρ-ι
1059 776 1062 877 χ

70 873 176 934 μυρον
191 854 224 914 εί
236 870 302 915 που
315 845 548 933 κεκρυμμένον
562 848 642 931 ἐχοι,
663 846 837 914 καὶταῦτα
851 839 1024 932 ὁμολογεῖν
1060 880 1062 903 ÷

71 948 226 1036 ἐβιάζετο.
252 944 296 1017 Ἡ
305 947 343 1017 δὲ
356 945 465 1017 πολύν
478 946 541 1035 μὲν
559 946 683 1035 κόσμον
697 954 786 1035 ἔχειν
798 952 865 1036 ἐφη
878 944 1024 1035 άργύρον

71 1053 126 1120 καλ
146 1056 273 1140 χρυσοῦ
293 1057 331 1120 ἐν
348 1079 384 1120 τε
403 1047 518 1139 ὅρμοις
538 1051 594 1118 καλ
614 1056 763 1133 ψελλίοις
779 1051 836 1120 καλ
857 1049 1023 1139 ἐκπώμασι

71 1158 127 1223 καὶ
151 1161 369 1242 νομίσμασιν·
399 1150 618 1241 ἁλισκομένης
637 1152 674 1223 δὲ
692 1158 752 1243 τῆς
771 1152 902 1235 πόλεως
921 1151 1026 1223 πάντα

71 1262 229 1344 ἐμβαλεῖν
249 1263 296 1336 είς
317 1258 426 1343 φρέαρ
452 1251 547 1343 ὕδωρ
571 1252 634 1326 οὐκ
654 1262 741 1344 ἕχον.
770 1251 807 1325 Ὁ
830 1260 924 1348 Θρᾷξ
953 1259 1008 1326 ἐπί
1038 1286 1054 1325 ιι

70 1380 220 1429 στευσεν·
243 1355 318 1447 ήθέ
332 1356 458 1448 ἤγαγεν
473 1354 577 1428 αὐτόν
597 1356 630 1440 ἐς
643 1357 702 1430 τόν
716 1363 826 1448 κήπου
844 1363 904 1449 τῆς
923 1365 1026 1439 οἰκίας
1053 1424 1059 1441 ,

70 1471 155 1532 ἔνθα
183 1460 220 1531 τό
249 1465 357 1550 φρέαρ
370 1454 428 1551 ήν,
455 1463 512 1530 καλ
530 1467 714 1551 καταβῆναι
733 1459 874 1531 κελεύει.
909 1458 947 1532 ‘0
967 1461 1027 1552 μέν

69 1563 216 1652 καταβάς
235 1563 294 1634 τόν
314 1563 463 1653 άργυρον
485 1565 541 1634 καὶ
570 1563 629 1635 τόν
649 1563 774 1654 χρυσόν
793 1564 918 1654 ἐζήτει,
944 1561 967 1655 ή
992 1564 1027 1635 δὲ

70 1667 207 1739 άνωθεν
225 1667 307 1757 μετά
327 1673 395 1737 τῶν
416 1674 672 1755 θεραπαινίδων
697 1666 842 1750 πολλούς
862 1664 957 1764 αύτῷ
979 1677 1026 1738 λί·

69 1785 155 1853 θους
173 1774 229 1840 καλ
243 1775 385 1855 πέτρους
400 1769 597 1839 ἐπεκύλισεν
614 1773 669 1839 καλ
683 1772 851 1859 κατέχωσε
862 1768 926 1843 τόν
945 1772 1026 1861 βάρ-
1040 1800 1063 1855 ιι,

70 1884 185 1962 βαρου.
222 1879 268 1942 Ol
286 1873 483 1953 Μακεδόνες
508 1873 732 1963 συλλαβόντες
750 1870 878 1964 ήγαχον
897 1876 954 1947 ἐπί
972 1873 1027 1945 τόν

70 1980 208 2064 βασιλέα
233 1975 467 2063 Ἁλέξανδρον·
495 1973 748 2066 ὃμολομήσασαν
768 1977 806 2047 δέ
829 1974 956 2068 αύτήν,
987 1973 1026 2059 οἱς

70 2085 327 2166 παρανομοῦντα
346 2077 406 2148 τόν
428 2084 543 2170 Θρᾷκα
563 2082 620 2149 καλ
643 2080 841 2169 βιαζόμενον
865 2078 1025 2171 ήμύνατο,

70 2182 247 2270 θαυμάσας
268 2178 482 2269 Ἀλέξανδρος
513 2178 619 2270 αύτήν
643 2209 680 2252 τε
706 2186 894 2271 ἐλευθέραν
918 2182 1026 2273 άφήκε

69 2287 125 2354 καλ
141 2287 267 2365 πάντας
281 2283 358 2365 τοὺς
371 2283 453 2354 κατά
467 2287 563 2373 γένος
577 2283 662 2374 αὐτή
675 2286 913 2376 προσήκοντας.
1036 2318 1051 2356 ιι

454 2464 492 2519 41.
510 2463 645 2523 ΕΡΤΞΩ.

147 2592 314 2679 Λάαρχος,
333 2599 539 2679 Κυρηναίων
563 2590 720 2679 βασιλεύς
739 2590 957 2687 ἀποδειχθείς
986 2592 1026 2674 ὡς

70 2694 184 2785 Βάττῳ
198 2700 244 2786 τῷ
255 2691 470 2780 Ἀρκεσιλάου
483 2692 545 2783 τήν
558 2691 664 2785 άρχήν
677 2696 874 2785 φυλάττων,
895 2701 1026 2786 ἐγένετο

69 2796 143 2867 άντλ
158 2797 320 2883 βασιλέως
330 2796 504 2882 τύραννος,
520 2796 609 2886 πάση
619 2808 808 2890 παρανομίᾳ
821 2800 1025 2891 χρησάμενος

70 2899 152 2970 κατά
166 2905 235 2968 τῶν
248 2902 404 2968 πολιτῶν.
437 2905 506 2967 Τού
519 2895 560 2988 δή
576 2898 695 2982 παιδός
708 2908 768 2972 τοῦ
775 2902 907 2974 Βάττου
920 2904 1025 2994 μήτηρ
1039 2932 1056 2969 ιι

70 2996 112 3092 ἦν
126 3000 266 3091 Ἐρυξώ,
294 2999 442 3090 σαόφρων
467 3001 554 3092 γυνή
578 3006 635 3073 καλ
662 3005 863 3095 δικαιοτάτη.
901 3008 1027 3095 Ταύτης

70 3109 224 3193 ἐρασθεὶς
243 3102 395 3194 Λάαρχος
416 3105 650 3194 ἐμνηστεύετο·
677 3104 699 3197 ἡ
720 3107 757 3177 δὲ
777 3123 846 3191 τοῖς
866 3104 1028 3201 άόολφοῐς

70 3207 173 3279 αὐτόν
184 3207 279 3299 ήξίου
293 3212 518 3297 διαλέγεσθαι.
558 3215 633 3279 Τῶν
647 3211 684 3280 δέ
705 3215 859 3300 ἐπίτηδες
877 3208 1027 3303 άναβολ·

71 3315 237 3401 λομὲνων,
256 3318 405 3400 ἔπεμψεν
420 3309 542 3399 Ἐρυξά
562 3313 775 3401 θεράπαιναν
794 3313 1025 3406 ἀπαγγέλλου-

139 3542 205 3612 Cap.
224 3547 267 3598 41.
302 3545 344 3597 Ex
362 3544 437 3599 Plut.
455 3545 522 3597 ibid.
539 3546 581 3597 25.
