2318 3892
121 183 181 248 136
505 185 690 244 BIBAION

68 380 103 433 νε
193 354 426 443 Ἀλέξανδρος,
440 360 624 425 Θεσσαλῶν
635 355 676 425 τά
694 357 808 445 Τέμπη
825 355 1082 445 φυλασσόντων,

25 513 32 526 .
120 458 283 550 τῆςὍσης
297 455 355 538 τάς
369 455 509 547 ὀρθίους
523 460 645 547 πέτρας
656 455 826 549 ὑπορύξας
838 462 895 530 καὶ
909 460 1082 549 προσπλά-

121 583 181 643 σας
199 567 370 651 βαθμίδος
393 559 530 650 μικράς,
561 559 617 630 διὰ
637 561 767 632 τούτων
791 561 892 643 αὐτός
912 590 950 634 τε
974 565 1086 633 καλοί

122 664 321 744 Μακεδόνες
333 661 598 753 άκροβατοῦνιες
612 661 803 754 άνέπτησοιν
826 667 880 736 ἐπὶ
898 665 958 747 τάς
981 694 1081 755 κορυ-

123 767 208 856 φάς,
235 769 292 837 καὶ
317 763 499 854 τῆν”Οσοιν
526 763 734 856 ὑπερβάντες
757 775 947 838 Θεσσαλίαν
975 769 1101 857 είχον·ι

122 873 287 941 Θεσσαλοὶ
307 870 345 938 δέ
363 868 404 937 τά
417 868 517 939 στενά
537 877 606 938 τῶν
623 876 766 959 Τεμπῶν
781 871 986 967 ἐφύλασσον.
1012 869 1081 942 Ἔτι

122 980 188 1045 νῦν
201 989 270 1055 τοϊς
284 972 476 1042 διοδεύουσι
489 971 530 1042 τά
550 975 663 1060 Τέμπη
679 974 840 1062 πάρεστιν
853 972 937 1062 δρᾶν
950 972 1010 1055 τάς
1023 977 1080 1045 πί·

122 1104 202 1166 τρας
215 1082 273 1165 τῆς
280 1073 379 1163 Ὅσης
401 1073 609 1164 κλιμακηδὸυ
623 1072 895 1168 ρόκοδομημένας·
920 1082 1081 1148 καλοῦσιν

124 1177 226 1258 αὐτάς
241 1176 302 1266 τῆν
314 1175 536 1266 Ἀλεξάνδρου
561 1184 716 1266 κλίμακα.

72 1284 107 1343 Μ
196 1278 411 1368 Ἀλέξανδρος
439 1284 477 1350 έν
503 1279 564 1369 μὲν
590 1297 660 1360 τοῖς
685 1279 884 1351 Μακεδόσιν
909 1276 930 1370 ῆ
957 1283 996 1351 ἐν
1016 1295 1128 1362 τοίςιιι

113 1381 250 1472 Ἕλλησι
264 1383 426 1469 δικάζων,
451 1384 587 1471 μέτριον
600 1385 656 1453 καί
671 1382 851 1473 δημοτικὸν
869 1389 958 1471 ἔχειν
977 1382 1017 1454 τδ
1032 1390 1080 1454 δι-

123 1487 304 1575 καστῆριον
318 1490 528 1574 ἐδοκίμαζεν,
543 1489 580 1554 ἐν
595 1487 632 1555 δὲ
645 1502 714 1567 τοῖς
727 1486 908 1577 βαρβάροις
929 1486 1083 1580 λαμπρόν

124 1592 180 1659 καὶ
194 1588 434 1678 στρατηγικὸν,
455 1587 653 1677 ἐκπλήσσων
665 1587 743 1670 τούς
751 1589 949 1679 ’βαρβάρους
962 1592 1021 1660 καὶ
1039 1595 1083 1683 τῷ

1118 734 1122 767 Ι

123 1698 184 1763 τοῦ
206 1697 424 1781 δικαστηρίου
454 1691 604 1780 σχῆματι.
646 1689 699 1762 Ἐν
728 1698 815 1780 γοῦν
836 1692 1000 1783 Βάκτροις
1030 1695 1084 1762 καὶ

119 1792 291 1882 ’Τρκαυοίς
312 1796 367 1864 καὶ
391 1792 508 1873 Ἰνδοῖς
532 1795 694 1880 δικάζων,
722 1792 1007 1885 εἷχετῆυσκηνῆν
1017 1787 1082 1866 άδε
1095 1824 1113 1867 ιι

125 1899 398 1984 πεποικιλμένην.
428 1893 468 1965 Ἡ
482 1896 588 1986 σκηνῆ
606 1895 642 1966 τδ
656 1900 799 1985 μέγεθος
811 1889 855 1986 ῆν
867 1904 996 1968 κλινιδν
1010 1901 1084 1970 ἑκα·

124 2000 198 2069 τόν·
225 1998 360 2086 χρύσεοι
388 2005 498 2078 κίονες
517 1994 720 2069 ὑπετίθεντο
748 1998 833 2089 αὐτῆ
858 2001 1084 2089 πεντήκοντα·
1126 2044 1128 2091 ;

123 2098 378 2191 ὑπερτείνοντες
392 2099 586 2189 οὐρανίσκοι
601 2103 787 2190 διάχρυσοι,
800 2109 1020 2191 ποικίλμασιν
1032 2107 1085 2173 ἐκ·
1126 2100 1128 2109 ’

125 2206 368 2292 πεπονημένοι,
388 2201 448 2273 τδυ
466 2201 536 2274 άνω
549 2204 652 2274 τόπον
666 2207 856 2288 ἐσκέπαζον.
885 2208 1015 2292 Πέρσαι
1025 2206 1085 2295 μδν

124 2313 250 2395 πρῶτοι
265 2306 477 2376 πεντακόσιοι
491 2307 677 2396 μηλοφόροι
687 2311 763 2397 περὶ
773 2306 835 2395 τῆν
848 2307 979 2398 σκηνῆν
992 2307 1085 2390 ἐντδς
1098 2336 1118 2377 ιι

123 2415 276 2494 ίσταντο,
297 2416 488 2497 πορφυραῖς
501 2412 558 2479 καί
572 2400 726 2498 μηλίναις
742 2414 884 2500 ἐσθῆσιν
906 2413 1083 2501 ἐξησκημέ·

123 2541 186 2583 νοι.
206 2510 304 2582 Μετδι
315 2513 353 2582 δέ
365 2509 443 2593 τούς
454 2512 667 2601 μηλοφόρους
679 2513 809 2597 τοξόται
822 2513 882 2584 τδυ
896 2525 970 2584 ίσον
983 2511 1085 2604 άριθ-

123 2613 189 2703 μὸν
207 2622 425 2701 ἐχοντεςταῑς
438 2618 558 2704 ἐσθῆσι
580 2616 795 2704 διῆλλαττον·
810 2619 844 2684 ολ
862 2617 924 2705 μέν
943 2614 1010 2707 γδρ
1024 2615 1083 2686 αὑ·

123 2723 192 2786 τῶν
205 2716 366 2804 φλόγινα,
382 2722 417 2786 oc
428 2717 465 2788 δδ
478 2716 622 2802 κυάνεα,
644 2723 678 2788 οί
691 2717 729 2787 δὲ
741 2713 959 2808 ὑσγινοβαφῆ
970 2745 1083 2810 περιε·

122 2822 297 2908 βέβληντο.
337 2818 473 2888 Τούτων
500 2827 700 2909 προίσταντο
718 2821 919 2902 Μακεδόνες
936 2819 1128 2911 άργυράπ

124 2929 241 3004 σπιδες
257 2918 489 3006 πεντακόσιοι,
503 2927 572 2990 τῶν
586 2928 754 3010 μεγίστων
768 2920 915 3013 ἀνδρῶν.
938 2924 1036 2995 Κατὰ
1049 2924 1084 2994 δὲ

125 3024 162 3096 τὸ
177 3027 280 3115 μέσον
293 3029 351 3112 τῆς
364 3029 490 3112 σκηνῆς
503 3016 523 3092 δ
534 3027 680 3112 χρυσοῦς
693 3030 800 3095 ἔκειτο
810 3025 952 3115 θρόνος,
969 3025 1031 3116 ἐφ’
1045 3015 1084 3097 οὗ

124 3129 382 3218 προκαθήμενος
396 3124 628 3216 ἐχρημάτιζεν·
653 3132 688 3196 οί
698 3128 983 3216 σωματοφύλακες
1005 3133 1082 3218 ἐφε-

124 3229 289 3319 στήκεσαν
309 3230 520 3318 ἑκατέρωθεν
538 3235 599 3298 τοῦ
619 3232 783 3318 βασιλέως
806 3233 1006 3316 δικάζοντος.
1032 3230 1085 3302 Ἐν
1126 3282 1128 3288 -

122 3401 351 3415 -m

191 3490 258 3556 Cap.
282 3490 308 3542 3.
343 3493 367 3552 ξ.
392 3494 435 3543 24.
472 3493 515 3542 Ex
537 3491 692 3557 Phylarcho
714 3492 776 3546 coll.
799 3493 909 3547 Aeliani
932 3510 992 3547 var.
1019 3495 1084 3550 hist.

122 3560 154 3624 9,
175 3559 190 3612 3
206 3565 235 3610 ει
249 3558 391 3611 Athenaeo
410 3562 458 3624 12,
475 3562 510 3612 55
527 3577 571 3627 χιχ.
589 3560 651 3613 539.
