2318 3892
481 188 668 255 ΠΡΩΤΟΝ.
1015 190 1055 252 35

56 398 79 435 η
94 361 173 446 ταξύ
186 366 255 434 τῶν
271 361 508 452 στρατοπέδων
525 363 641 451 πτέρις
654 357 755 450 ξηρά,
777 359 929 450 δαψιλής.
962 358 1054 432 Ἀνέ-

56 500 79 540 ;ι
93 494 158 554 μου
179 463 427 555 προσπεσόντος
449 466 704 565 παμμεγέθους,
723 458 760 545 ὃς
779 453 823 553 ήν
841 461 926 533 κατά
945 464 1055 536 νύτου

56 604 78 643 -ι
93 583 162 650 τοῖς
178 566 388 657 Ἀθηναίοις,
408 579 477 648 τοίς
497 566 542 638 δέ·
556 572 727 654 πολεμίοις
753 562 837 636 κατά
863 564 1054 655 πρόσωπον,

57 706 80 746 ε
92 668 215 761 [ἀνήψε
234 666 297 759 τήν
316 671 450 758 πτέριν·
472 673 538 762 ,τοῦ
558 669 596 741 δὲ
625 672 758 741 καπνοῦ
778 675 1055 758 προσπίπτοντος]

56 788 165 867 ἦταίς
180 771 277 856 ὄψεσι
289 777 359 842 τῦν
372 779 632 862 Συρακουσίων,
647 768 776 861 τροπήν
788 768 901 843 αῦτῦν
916 770 1056 862 ίσχυράν

56 914 77 955 ι
93 874 284 967 είργάσατο.
315 964 319 971 ἰ

56 1017 70 1058 1
168 972 379 1064 Ἀλκιβιάδης
411 981 587 1065 Τιρίβαζον
604 979 762 1063 ἔφευγεν.
804 969 899 1056 Ὁδὸς
916 965 961 1062 ήν
982 981 1087 1064 μίαε

57 1116 67 1159 ι
98 1085 271 1168 Τιρίβαζος
282 1079 418 1167 μένοντι
428 1078 491 1168 μὲν
502 1076 566 1150 οῦκ
580 1076 734 1166 ἐμάχετο,
748 1076 910 1166 φεύγοντι
924 1077 962 1148 δδ
977 1079 1054 1148 έπέ·

56 1198 59 1207 ’
87 1208 193 1251 κειτο.
219 1177 430 1270 Ἀλκιβιάδης
448 1181 557 1252 νύκτα
570 1186 702 1270 μείνας,
719 1178 801 1262 ξύλα
816 1177 924 1251 πολλά
937 1179 1054 1267 κόψας,

55 1312 59 1338 ·
82 1289 197 1354 ταῦτα
209 1280 330 1373 νήσας,
353 1288 422 1374 πῦρ
439 1278 747 1373 έμβαλῦν,·ἀπιύν
762 1279 875 1376 ᾤχετο.
912 1288 957 1352 ol
968 1279 1052 1370 βάρ-

78 1396 207 1475 βαροι,
220 1384 283 1475 τήν
297 1382 408 1475 αύγήν
428 1392 490 1458 τοῦ
512 1383 619 1474 πυρὸς
632 1381 796 1475 ὁρῶντες,
818 1382 924 1479 ᾤοντο
937 1387 1053 1475 μένειν

75 1485 351 1578 τοῦςἝλληνας·
366 1490 441 1559 ἐπεὶ
455 1488 494 1560 δέ
508 1495 673 1576 ἔγνωσαν,
689 1486 826 1558 διώκειν
837 1482 1053 1577 ὁρμήσαντες,

75 1591 152 1681 τήν
169 1587 251 1662 ὁδὸν
278 1593 521 1681 πεφραγμένην
539 1586 606 1661 ῦπδ
626 1595 687 1660 τοῦ
713 1588 819 1681 πυρὸς
839 1596 993 1662 διελθεῖν
1013 1587 1054 1660 ού

80 1695 297 1781 δυνηθέντες
310 1699 368 1783 τής
382 1694 527 1777 διώξεως
544 1692 744 1763 ἐπαύσαντο.

61 1829 86 1881 3
166 1794 378 1886 Ἀλκιβιάδης
399 1797 477 1885 περὶ
497 1794 644 1880 Κύζικον
661 1795 864 1886 Θηραμένην
886 1794 943 1863 καὶ
962 1801 1051 1882 Θρα·
1071 1812 1088 1866 9

82 1899 260 1987 σύβουλον
282 1905 411 1987 έπεμψε
440 1897 522 1988 μετά
541 1896 709 1969 πλειόνων
733 1902 839 1995 νειῦν,
866 1893 956 1978 ὅπως
976 1894 1055 1978 τούς

82 2005 120 2083 ἐς
143 1999 205 2090 τήν
224 2001 323 2072 πόλιν
344 1998 623 2093 ἀποχωρήσοντας
644 2007 823 2090 πολεμίους
843 1998 1052 2090 ἀνείργοιεν·

82 2102 189 2185 αύτός
210 2104 248 2175 δὲ
276 2102 359 2194 μετὰ
378 2101 504 2193 ὀλίγων
524 2104 672 2196 τριήρων
698 2105 755 2174 ἐπὶ
781 2102 844 2192 τήν
864 2108 1054 2191 ναυμαχίαν

82 2206 241 2295 ἀνήγετο.
280 2212 467 2298 Μίνδαρος,
486 2204 745 2297 καταφρονήσας
770 2203 853 2295 μετὰ
886 2205 1054 2275 πλειόνων

82 2308 233 2397 ἀνήχθη.
259 2304 314 2389 Ὡς
333 2309 372 2379 δὲ
394 2316 537 2398 πλησίου
550 2302 654 2400 ήσαυ,
679 2312 713 2378 ολ
724 2308 787 2398 μέν
807 2308 885 2397 περὶ
904 2305 964 2377 τὸν
979 2304 1053 2376 Ἀλ-

82 2413 249 2499 κιβιάδην
279 2411 566 2500 προσεποιήσαντο
589 2409 747 2500 φεύγειν·
775 2414 811 2479 oc
827 2408 865 2479 δὲ
892 2411 970 2496 περὶ
994 2406 1055 2478 τὸν

83 2517 286 2599 Μίνδαρον,
299 2526 493 2600 περιχαρεῖς
506 2508 551 2593 ῦς
563 2516 724 2592 νικῦντες
736 2513 890 2582 ἐδίωκον.
913 2507 1004 2580 Ἐπεὶ
1018 2505 1051 2580 δ’

83 2614 190 2706 ἐγγύς
203 2619 272 2684 τιῦν
284 2615 365 2703 περὶ
375 2612 435 2686 τ’δν
444 2616 645 2704 Θηραμένην
658 2614 715 2683 καί
724 2602 968 2703 Θρασύβουλον
980 2614 1053 2700 ἐγέ-

82 2745 205 2802 νοντο,
222 2713 433 2806 Ἀλκιβιάδης
462 2717 526 2807 μὲν
545 2714 584 2787 τὸ
607 2729 747 2806 σημείου
770 2712 853 2805 ἀρας
872 2717 1056 2806 ἐπέστρεφε

54 2855 66 2890 ·.
90 2819 152 2902 τὰς
164 2824 248 2901 ναῦς
264 2817 506 2911 ἀντιπρώρους.
532 2819 717 2909 Μινδάρου
736 2818 773 2889 δὲ
786 2815 1056 2907 ἀποστρέψαντος

87 2925 146 2994 ἐπὶ
166 2920 228 3011 τήν
247 2920 365 3010 πόλιν,
387 2929 424 2994 οί
448 2923 527 3013 περί
551 2920 612 2995 τὸν
631 2923 832 3011 Θηραμένην
858 2918 1056 3010 ἀπήντησαν

85 3024 341 3112 ἀποκλείοντες,
371 3022 388 3095 ὁ
417 3025 455 3098 δέ
475 3028 531 3097 ἐπὶ
550 3024 628 3106 τοῦς
650 3024 807 3113 Κλήρους
826 3024 1055 3110 καλουμένους

85 3135 147 3216 τής
160 3134 361 3217 Κυζικηνῶν
371 3134 442 3218 γής
460 3126 650 3218 ἀποχωρεῖν
663 3130 828 3215 ἐπειρᾶτο.
846 3122 946 3196 Ἀλλά
959 3120 1056 3195 κάκεῖ

87 3230 313 3320 Φαρναβάζου
328 3231 554 3319 στρατόπεδον
565 3233 735 3320 ἐκβαίνειν
749 3226 909 3299 έκύλυεν.
945 3224 1054 3298 Ἀλκι-

54 3323 212 3423 οβιάδης
238 3332 277 3403 δέ
310 3332 444 3405 διώκων
476 3332 535 3415 τάς
563 3334 626 3422 μὲν
650 3330 840 3422 μετεύρους
866 3336 935 3402 τῦν
970 3335 1057 3401 νεῶν

88 3492 318 3507 *-

160 3567 286 3636 Gap.40.
323 3568 348 3631 9.
367 3567 393 3620 9.
430 3564 608 3620 ExDiodoro
632 3566 680 3630 λδ,
699 3564 742 3618 50.
865 3646 906 3706 3*
