2318 3892
100 195 139 258 τε
491 195 675 285 mmm

100 369 218 438 στόλον
250 363 294 447 ὡς
323 376 440 455 φίλιον
471 363 707 454 ὑποδέχονται·
738 369 773 434 οί
803 365 841 434 δὲ
871 362 1059 454 άποβάντες,

101 475 156 540 καὶ
184 471 315 559 σφόδρα
345 498 383 557 γε
403 467 478 538 ἀντὶ
507 469 689 558 βαρβάρων
704 465 867 557 Ἕλληνες
896 469 1060 557 ἐφάνησαν
1093 474 1100 495 ’

102 579 156 644 καί
171 580 344 660 Κυπρίους
366 577 543 660 ἐνίκησαν,
567 581 665 660 μείζω
680 569 741 660 τήν
755 575 923 659 ἔκπληξιν
936 577 998 660 τής
1011 576 1060 640 δυ-

105 679 231 766 νάμεως
246 683 387 764 ἔχοντες.
1095 754 1101 773 ⁸

67 811 83 859 ς
179 787 297 865 Κίμων
323 776 389 847 άπδ
418 781 553 863 Σηστοῦ
581 777 636 844 καὶ
659 770 844 858 Βυζαντίου
873 774 1077 864 αίχμάλωτατ

103 881 207 953 πολλά
222 879 411 969 βαρβαρικά
425 875 492 949 εἷλε
502 880 574 963 καὶ,
588 882 656 947 τῶν
665 877 850 966 συμμάχων
859 880 1065 967 δεηθέντων,

103 984 280 1072 διανομεύς
294 985 435 1070 ἐγένετο.
464 990 602 1065 Μοῖραν
615 989 696 1068 μίαν
710 983 802 1062 ἔταξε
816 981 936 1068 γυμνά
951 979 996 1051 τά
1010 979 1065 1050 σοι’·

102 1116 198 1175 ματα,
211 1101 332 1174 μοίραν
347 1087 462 1171 ἑτέραν
472 1082 684 1170 ἀναξυρίδας,
699 1082 838 1169 κάνδυς,
848 1082 1066 1173 στρεπτά,κιδ

103 1189 164 1259 ὅσα
173 1186 296 1257 τοιάδε.
318 1193 363 1257 Οί
372 1187 538 1312 σύμμαχοι
552 1191 725 1273 αίροῦνται
735 1183 794 1256 τὸν
808 1185 961 1274 κόσμον·
974 1183 1065 1274 Ἀθη-

46 1299 50 1306 ’
103 1304 191 1362 ναῖοι
213 1289 325 1377 γυμνά
343 1288 384 1359 τά
406 1289 550 1377 σώματα.
584 1293 701 1358 Γέλων
728 1285 932 1374 ὀφλισκάνει
953 1295 1084 1377 Κίμωνι

103 1392 147 1474 ὡς
160 1392 221 1482 τήν
240 1400 339 1479 μείζω
360 1407 481 1480 μοίραν
495 1393 676 1478 προέμενος
690 1405 758 1470 τοῖς
756 1392 974 1517 συμμάχρις.
1006 1389 1066 1461 Οάτ

104 1503 136 1576 ές
159 1494 290 1583 μακράν
304 1524 372 1563 των
387 1492 607 1580 αίχμαλωτων
621 1498 656 1562 οί
668 1509 844 1580 συγγενεις
857 1493 927 1565 νἰπο
916 1493 1066 1582 Λυδίας

105 1602 160 1667 καὶ
188 1607 339 1686 Φρυγίας
368 1597 572 1684 καταβάντες
597 1595 724 1684 μεγάλα
750 1596 855 1767 λύτρα
884 1594 983 1687 ὑπὲρ
1010 1602 1066 1666 τῶν

78 1692 82 1698 ”
105 1708 240 1770 οίκείῶν
271 1703 467 1788 κατέβαλον.
512 1695 629 1769 Τότε
611 1729 633 1787 η
652 1705 812 1807 σοωίαΚ
815 1706 944 1787 ίμωνος
968 1705 1065 1771 έθαυ

105 1805 237 1892 μάζετο
249 1801 598 1894 Ἀθηναιοιδδπολλά
613 1807 689 1870 πλεί
692 1801 1088 1891 ωχρήματαλαβόντεςί
1084 1835 1101 1865 ι

107 1907 193 1993 μάλα
210 1903 251 1993 δή
265 1910 334 1974 τῶν
348 1903 531 1992 συμμάχων
549 1904 848 1994 κατεκερτόμησαν.

441 2083 481 2137 35.
498 2085 731 2141 Μνεειειιεεεε,
839 2070 845 2080 ’

75 2228 85 2275 1
178 2210 352 2300 Ἀθηναῖοι
375 2211 431 2278 καὶ
452 2217 593 2298 Θηβαῖοι
607 2209 864 2297 παρετάσσοντο.
902 2217 1069 2301 Μυρωνί-

110 2322 169 2403 δης
187 2312 377 2403 Ἀθηναίοις
398 2313 639 2402 παρήγγειλεν,
661 2310 743 2383 ὅταν
756 2309 980 2402 δποσημήνη,
996 2325 1070 2384 θεῖν

109 2420 163 2487 ἐπὶ
183 2417 262 2497 τοδς
285 2422 463 2503 πολεμίους
484 2413 690 2503 άρξαμένους
712 2412 776 2486 άπὸ
797 2420 856 2484 τοῦ
877 2413 1100 2506 εὐωνύμους

103 2519 138 2588 ‘0
153 2521 215 2607 μέν
236 2520 417 2607 ἐσήμηνεν·
445 2522 478 2588 oc
498 2516 528 2587 δ’
553 2525 663 2587 ἔθεον.
691 2513 747 2598 Ὡς
769 2518 806 2588 δὲ
819 2515 930 2606 βραχύ
944 2526 1070 2610 προήλ-

108 2636 190 2708 θον,
212 2628 422 2710 Μυρωνίδης
445 2623 499 2690 ἐπὶ
519 2619 555 2690 τό
571 2619 681 2703 δεξιὸν
695 2623 794 2708 κέρας
807 2619 968 2710 δραμών,
992 2626 1073 2711 μέγα

109 2725 205 2812 έβόα,
224 2721 409 2810 “Νικε5μεν
429 2720 512 2792 κατά
531 2722 568 2792 τὸ
583 2721 791 2810 εὐώνυμον.”
809 2721 990 2811 Ἀθηναῖοι
1004 2725 1074 2815 μέν,

108 2835 154 2921 τῷ
180 2826 269 2919 λόγῳ
297 2833 354 2914 τής
381 2831 477 2912 νίκης
505 2827 789 2916 ἐπιρρωσθέντες,
813 2827 1074 2916 προθυμότερον

108 2899 325 3019 ἐμβάλλουσι·
344 2928 553 3016 Θηβαίοιδδ,
568 2957 614 2997 τω
602 2926 808 3017 αγγελματι
828 2958 885 3018 της
898 2958 1002 3020 ηττης
1016 2959 1073 3000 κα
1088 2952 1101 2990 2

108 3037 501 3121 ταπλαγεντες,έκλιναν
516 3035 581 3112 είς
581 3031 703 3120 φυγήν
787 3110 790 3114 ,
1078 3086 1082 3091 .

75 3156 90 3204 ‘2
185 3142 395 3225 Μυρωνίδης
403 3132 628 3222 Ἀθηναίους
612 3162 695 3222 ηγεν
708 3137 761 3204 έπι
777 3133 901 3222 Θήβας,
917 3136 976 3204 καί
991 3162 1074 3227 προ

112 3237 224 3308 ελδων
247 3249 294 3318 είς
319 3267 350 3308 τι
377 3243 458 3307 πεδί
457 3264 510 3321 ον,
540 3241 717 3307 ἐκέλευσεν
747 3234 869 3317 αυτούς
889 3247 1010 3308 δείναι
1038 3235 1076 3309 τὰ

110 3339 196 3411 ὅπλα
216 3343 273 3410 καὶ
293 3355 511 3430 περισκοπεῖν
527 3344 563 3410 ἐν
585 3341 711 3433 κύκλῳ.
756 3346 830 3409 Των
856 3340 894 3410 δὲ
917 3361 1075 3430 περισκο-

180 3508 246 3572 Cap.
261 3508 303 3560 34.
341 3510 367 3570 δ.
385 3508 406 3558 l.
445 3505 488 3557 cf.
502 3505 585 3560 Diod,
602 3508 649 3568 ΙΙ,
666 3507 708 3558 61.

181 3576 250 3644 Cap.
268 3576 310 3628 34.
348 3579 372 3639 ξ,
392 3578 418 3631 2.
454 3577 497 3627 Ex
512 3574 585 3625 Plut.
605 3577 664 3627 vita
680 3575 784 3627 Cimon.
803 3575 829 3641 9.
922 3582 926 3589 ‘
