2318 3892
472 193 696 256 ΕΒΔΟΜΟΝ
931 210 933 214 ·
1000 194 1062 256 269

102 382 210 454 στοῑς,
228 322 338 436 κάλ’
298 393 339 456 τη
352 392 412 435 του
398 365 594 490 ίππάρχηυ
607 387 712 491 σκευη
699 362 829 436 άλλον
841 362 1022 437 ωπλισεν“
1007 395 1061 437 ιπ-

101 499 231 560 πορχον
244 471 301 539 καί
315 470 516 559 προσέταξεν
528 466 651 557 αύτοῑς,
665 467 747 539 ὅταν
763 469 909 572 ἴδωσι
875 498 913 540 το
927 485 1064 560 σημεῖον

100 571 248 665 άρθὲν’
230 571 297 643 απὸ
326 577 396 641 τῶν
422 575 602 659 ἐναντίων,
630 563 851 698 αὐτομολεῖν,
873 573 1061 663 παριππεύ-

101 699 227 756 σοιντας
249 677 286 745 δὲ
316 677 373 744 καὶ
393 672 723 799 παραλλάξαυτης’
681 703 795 745 αυτων
814 672 877 765 τὴν
895 675 1063 764 φάλαγγα,

71 805 86 844 ε
101 783 367 868 ἐπιστρέψαντας
381 776 465 846 κατά
485 778 595 846 νότον
608 804 672 866 την
687 777 833 867 ἐμβολὴν
847 779 1064 866 ποιήσασθαι.

108 881 247 952 Τούτων
261 877 349 950 ούτω
364 886 594 967 συγκειμένων
608 878 692 949 κατά
705 881 814 950 νάτου
827 881 890 969 μὲν
904 884 1066 969 ἐνέβαλον

102 975 215 1071 οὗτοι,
243 987 276 1065 ἐξ
299 987 455 1052 ἐναντίου
478 982 516 1052 δὲ
536 981 597 1072 τὴν
617 983 765 1072 δύναμιν
778 982 941 1074 Ἀρσάμης
963 1004 1065 1074 προσ-

102 1087 246 1176 ήγαγεν·
271 1091 306 1155 οί
323 1084 528 1173 πολέμιοιδὲ
545 1085 707 1187 λύσαντες
725 1083 787 1176 τὴν
800 1082 893 1168 τάξιν
908 1093 1064 1175 ἔφευγον,

85 1191 161 1259 ’καὶ
174 1193 208 1259 oc
218 1195 371 1268 πλείονες
386 1184 499 1256 αὐτῶν
512 1190 550 1257 ἐν
563 1193 604 1277 τῇ
622 1194 716 1277 φυγῇ
731 1195 978 1277 διεφθείροντο.

55 1375 84 1414 ιο
434 1365 478 1422 29.
492 1368 735 1420 ΜΙΘΡΙΔΑΤΗΣ.

183 1491 384 1582 Μιθριδάτῃ
399 1488 417 1561 ὁ
431 1490 590 1580 βασιλεύς
604 1495 823 1582 προσέταξεν,
836 1489 1065 1563 “Ἀποστάυτα
1086 1505 1098 1554 1

103 1593 269 1683 Δατάμην
296 1611 406 1664 κτεῖνε
426 1589 447 1683 ἢ
467 1591 552 1682 άγεί
553 1592 869 1722 ’Μιθριδάτης
850 1603 1066 1684 υποκρίυεται

103 1695 276 1777 καίάυτός
294 1694 478 1821 άποστηηαι
493 1699 672 1785 βασιλέως·
692 1696 733 1767 ού
752 1726 818 1786 μην
837 1695 895 1785 ὅγε
909 1699 1067 1787 Δατάμης

105 1803 164 1870 ἐπί
162 1820 359 1886 στευσεν,ε
342 1806 376 1868 εί
394 1828 439 1888 μη
455 1799 608 1888 πρόσθεν
621 1799 728 1870 πολλά
742 1809 939 1888 λυμανεῖται
952 1827 992 1892 τη
980 1805 1066 1887 βοι-

60 1933 87 1974 ιτ
106 1899 257 1983 σιλεως’
239 1930 335 1991 αρχη.
361 1903 430 1972 Καὶ
445 1900 487 1993 δη
496 1902 607 1972 πολλα
622 1901 826 1992 ἐλυμήνατο
846 1903 992 1993 φρούρια
1006 1909 1065 1991 βα-

105 2008 223 2086 σιλέως
243 2008 449 2092 κατέσκαψε,
480 2006 594 2093 κόμας
622 2006 827 2096 κατέπρησε,
855 2005 982 2095 φόρους
1007 2032 1067 2095 ηρ-

105 2128 207 2193 πασε,
222 2113 317 2177 λείαν
331 2105 464 2197 ἤλασεν.
494 2104 642 2190 ’Έδειξεν
656 2105 721 2199 άρα
734 2109 890 2196 πολέμιος
904 2108 990 2179 εἶναι
1006 2116 1066 2195 βοι-

104 2219 203 2279 σιλελ.
232 2206 353 2298 ’Ἀμφω
379 2208 420 2299 δὴ
434 2209 508 2279 τότε
529 2213 744 2299 συνηλθέτην
762 2210 897 2298 γυμνά,
920 2214 1066 2292 διαλεξο-

105 2313 196 2400 μέυω
218 2314 295 2402 περὶ
316 2303 365 2381 όν
382 2313 454 2402 χρή.
491 2311 711 2402 Μιθριδάτης
726 2317 764 2382 ἐν
777 2316 823 2405 τῷ
837 2320 947 2406 χωρίῳ
961 2312 1067 2407 τούτῳ

62 2446 88 2486 ιο
107 2413 438 2544 προκατεσκευάσατο
447 2414 581 2504 νύκτωρ
594 2417 783 2539 ἐγηειρίδια
791 2414 907 2502 πολλά,
922 2442 1068 2504 κεκρυμ-

106 2519 210 2606 μένον
223 2515 305 2588 άλλσ
324 2515 480 2605 ἀλλαχοῦ,
504 2519 561 2586 καὶ
586 2518 716 2598 τούτοις
744 2518 894 2588 ἐπέκειτο
918 2532 1018 2606 σημεί
1018 2545 1068 2587 ον.

105 2620 355 2709 Διαλεγόμενος
384 2619 425 2709 δη
454 2624 624 2741 προσῆγεν
650 2617 754 2690 αύτδυ
780 2617 887 2715 ηρίμα
910 2625 1068 2708 βαδίζων.

101 2720 194 2792 Ἐπεὶ
216 2724 254 2793 δὲ
273 2720 348 2803 άλις
369 2751 413 2812 ην
430 2728 491 2792 τού
511 2721 631 2810 λόγου,
658 2721 818 2812 Δατάμης
835 2721 1069 2813 άσπασάμενος

106 2822 217 2915 ἀπῄει.
244 2826 462 2916 Μιθριδάτης
489 2830 527 2896 ἓν
547 2853 617 2896 των
634 2827 848 2918 ἐγχειριδίων
869 2823 1070 2916 ἀνελόμενος

68 2964 90 3003 ιτ
112 2928 169 2999 διά
188 2927 307 3015 τάχους
326 2932 383 2998 και
401 2925 468 2997 ύπό
486 2955 527 3054 τη
547 2926 706 3021 ἀριστερᾷ
718 2931 803 3020 χειρὶ
823 2928 970 3017 κρύψας,
992 2925 1069 2997 ιἰυε-

106 3032 269 3101 καλέοντο
288 3031 470 3119 Δατάμην,
494 3058 538 3111 ως
558 3031 802 3120 ἐπιλαθόμενος
821 3031 869 3155 δη
889 3058 994 3099 τινων
1022 3019 1071 3099 ὧν
1116 3047 1121 3059 ’·

106 3137 210 3259 ἐχρηη
222 3138 347 3203 είπεῑυ·
363 3131 596 3224 προσελθόντα
612 3133 650 3203 δὲ
665 3131 828 3204 ἐκεῖνο
796 3161 833 3202 το
846 3131 923 3222 όρος
938 3133 1069 3202 ἐκέλευ-

104 3257 168 3306 σεν
188 3231 355 3325 όχυρωσαι
376 3233 528 3324 μάλιστα.
567 3231 723 3316 ούτως’
704 3262 885 3325 αφορωντοι
908 3234 1072 3324 Δατάμην

106 3336 196 3421 ἐς
161 3365 200 3408 το
221 3335 299 3428 ὅρος
326 3366 374 3408 τω
359 3342 584 3482 ε’γχειριδίω
598 3338 821 3480 Μιθριδάτης
842 3336 965 3487 πλήξας
989 3335 1071 3406 ‹im-¹

63 3475 88 3516 ιο
106 3467 253 3513 κτεινεν.

187 3540 407 3634 Μιθριδάτης
425 3544 463 3613 ἐν
483 3548 708 3636 Παφλαγονίᾳ
726 3564 934 3632 καταφυγωυ
954 3541 989 3622 ἐς
1009 3539 1068 3610 πό·
1087 3558 1104 3610 2
