2318 3892
438 177 661 240 ωοκοαοα.
788 253 791 259 ,
971 181 1032 244 εοο

439 407 476 464 12.
495 406 670 467 ΣΙΡΑΚΗΣ.

149 563 295 641 Δαρεῖος
320 553 375 621 ἐπὶ
403 552 519 633 Σάκας
547 551 776 641 ἐστράτευσεν.
819 557 864 623 Oi
888 561 1036 642 βασιλεῖς

70 659 142 727 τῶν
157 660 300 740 Σακῶν,
314 655 556 744 Σακεσφάρής,
570 650 750 747 Ὁμάρχής,
767 654 916 746 Θάμυρις
936 660 1035 746 ἐβου-

10 782 12 793 ’
69 756 213 829 mono
230 760 269 827 ἐν
287 756 398 850 ἐρήμῳ
416 764 528 851 χωρίςο
542 760 700 847 περὶτῶν
713 757 901 846 παρόντων.
925 754 1034 830 Ἱππο-

37 858 202 949 εφορβός
220 857 324 949 άνήρ,
342 861 508 950 Σιράκής,
530 866 723 949 προσῆλθεν
743 858 857 942 αὐτοῖς
872 864 1035 949 ἐπαγγελ-

68 961 212 1053 λόμενος
226 968 444 1054 διαφθείρειν
456 961 493 1033 τὸ
511 968 656 1051 Περσων
669 961 874 1053 στράτευμα,
896 963 955 1034 ἐὰν
968 980 1037 1046 τοῖς

68 1068 191 1139 παισὶν
221 1062 328 1135 αὐτοῦ
353 1067 410 1135 καὶ
437 1080 507 1145 τοῖς
531 1062 682 1152 ἐγγόνοις
702 1065 826 1136 δώσειν
846 1076 960 1147 οῖκους
978 1069 1036 1137 καί

68 1168 222 1258 χρήματα
240 1164 418 1256 όμόσασιν.
453 1166 570 1256 Οίμέν
583 1165 730 1256 όόμοσαν.
753 1165 788 1238 ‘0
807 1169 845 1239 δέ
865 1169 1034 1259 σπασάμε-

15 1324 19 1329 -
69 1299 130 1352 νος
153 1269 219 1359 Ιτήν
243 1275 450 1359 παραξιφίδα
478 1269 618 1357 ἀφεῖλεν
645 1266 750 1342 αὑτοῦ
773 1275 851 1361 ῥῖνα
877 1274 933 1342 καὶ
957 1265 1035 1357 ὦτα,

15 1394 55 1436 ¹⁰
71 1375 132 1445 καὶ
158 1371 197 1442 τὸ
227 1370 311 1443 άλλο
337 1379 430 1462 σῶμα
459 1379 579 1453 δεινοῖς
606 1373 815 1462 ἐλωβήσατο·
851 1376 907 1444 καὶ
934 1373 1033 1444 αὐτο-

68 1474 218 1567 μολήσας
238 1474 321 1565 πρός
334 1486 499 1571 Δαρεῖον,
522 1481 627 1544 ταῦτα
646 1481 711 1565 ἔφη
733 1489 859 1546 παθεῖν
880 1472 946 1546 ὑπό
966 1482 1036 1547 τῶν

68 1581 109 1651 ἐν
121 1577 252 1659 Σάκαις
265 1581 444 1666 βασιλέων.
481 1589 626 1667 Δαρεῖος
646 1580 819 1648 ἐπίστευσε
833 1584 880 1671 τῷ
896 1582 1035 1668 μεγάθει

69 1686 130 1770 τής
152 1686 338 1769 συμφοράς.
367 1677 403 1749 ‘0
428 1680 465 1750 δὲ
484 1683 652 1768 Σιράκής,
682 1681 945 1767 ἐπικαλούμενος
967 1687 1034 1768 πῦρ

68 1781 244 1855 ἆθάνατον
257 1784 313 1851 καὶ
327 1782 419 1872 ίερόν
432 1780 527 1871 όδαρ
535 1833 545 1865 ,
556 1779 755 1870 “Τιμωρίαν
770 1781 860 1871 παρά
872 1781 1034 1872 Περσων”

32 1906 57 1948 1⁶
73 1892 140 1974 ἐφη
149 1880 167 1908 “
173 1893 290 1973 λαβεῖν
304 1885 505 1955 ἐσπούδακα.
523 1879 604 1955 ’0δέ
617 1883 747 1973 τρόπος·
762 1885 873 1954 Σάκαι
888 1891 945 1973 τῆς
959 1889 1032 1955 ἐπι-

71 1988 175 2076 οάσής
196 1985 319 2067 ννκτδς
340 1985 496 2076 ἀπαίρειν
515 1988 713 2075 μίλλονσιν·
746 1994 777 2057 εί
800 1988 838 2056 δὲ
860 1983 955 2075 ἡμεῖς
978 1986 1034 2058 διά

70 2092 326 2179 συντομωτέρας
345 2086 429 2161 ὁδοῦ
448 2090 676 2179 προλάβοιμεν
691 2088 753 2179 τήν
765 2090 896 2178 χάραν,
918 2088 973 2179 ἐφ’
990 2088 1034 2180 ήν

70 2197 195 2265 ἐκεῖνον
213 2197 426 2278 στέλλονται,
447 2190 559 2282 ὥσπερ
580 2197 618 2262 ἐν
636 2192 727 2281 πάχχ
748 2193 874 2273 πάντας
896 2194 1032 2282 αίρήσο-

10 2314 29 2361 ἀ
70 2324 143 2387 μεν.
170 2293 253 2383 Ἐμοὶ
267 2295 321 2381 δέ,
343 2294 553 2383 ἱπποφορβὸς
571 2290 619 2365 οδν
633 2297 689 2364 καὶ
702 2293 764 2383 τήν
779 2295 963 2385 ἐπιστήμην
976 2300 1034 2384 τής
1118 2363 1120 2368 .

38 2398 180 2488 αχοόροις
203 2395 334 2486 ἁπάσης
363 2405 467 2485 ἔχων,
495 2394 676 2486 ήχήσομαν
701 2405 790 2468 σιτία
810 2395 848 2467 δὲ
868 2400 925 2467 καὶ
948 2397 1032 2468 ποτά

69 2499 152 2573 ἑπτά
164 2495 300 2598 ἡμεροῦν
313 2497 551 2588 ἐπαχάμεθα,”
574 2495 609 2568 ‘0
623 2499 685 2588 μὲν
698 2496 844 2588 ήχήσατο
860 2506 919 2588 τής
933 2496 1031 2570 ὁδοῦ·
1140 2520 1141 2525 ’

63 2603 230 2695 ’προάγων
243 2604 282 2674 δὲ
298 2609 367 2673 τῶν
379 2607 592 2689 στρατιωτῶν
604 2598 730 2690 ήμέρας
749 2600 831 2670 ἑπτά
851 2605 908 2670 καὶ
928 2629 1030 2671 κατα-

67 2709 192 2796 στήσας
205 2709 239 2788 ἐς
254 2709 360 2795 μέσήν
380 2704 442 2794 τήν
457 2702 625 2794 άννδρον,
645 2703 857 2784 ἐπιλιπόντος
872 2712 934 2774 τοῦ
945 2702 1029 2775 ὕδα-

10 2844 13 2855 ·
67 2836 127 2890 τος
144 2811 203 2879 καὶ
215 2815 284 2880 τάν
296 2815 432 2894 σιτίων,
451 2813 514 2878 τοῦ
532 2807 706 2895 χιλιάρχου
721 2803 942 2896 Ῥανοσβάτον
965 2803 983 2830 “
992 2816 1034 2877 Τί

31 2916 52 2961 ²⁵
68 2934 125 2985 σοι
136 2909 276 2995 ἐδοξεν”
290 2911 441 2992 είπόντος
450 2906 673 2998 “ἐξαπατήσαι
686 2916 884 2998 τηλικοῦτον
893 2911 1031 2999 βασιλέα

10 3011 13 3021 ’
67 3017 127 3085 καί
145 3019 307 3085 τοσοῦτον
322 3020 451 3104 πλήθος
464 3019 624 3104 Περσων,
645 3014 701 3081 καὶ
716 3010 856 3099 άμαχεῖν
870 3017 904 3091 ἐς
917 3013 1031 3103 χάραν

66 3116 237 3209 ἄνυδρον,
253 3119 290 3188 ἐν
303 3107 325 3208 ή
338 3116 420 3205 μήτε
433 3113 553 3202 ’όρνεον
566 3110 697 3203 ὁρωμεν
710 3115 792 3203 μήτε
810 3121 951 3203 θηρίον,
973 3117 1029 3183 καὶ

66 3218 148 3292 οὔτε
163 3222 320 3310 ’προϊέναι
335 3216 483 3290 δννατόν
495 3215 574 3287 οὔτε
587 3215 775 3306 ἀναχωρεῖν
783 3213 814 3304 ;''
837 3213 855 3287 ὁ
873 3217 928 3302 δὲ,
943 3239 1027 3304 σνχ-

65 3321 233 3412 κρατήσας
252 3320 299 3392 τοὶ
321 3337 412 3412 χεῖρε
431 3321 487 3390 καί
510 3321 637 3410 μεχάλα
651 3317 874 3407 άναχελάσας,
891 3315 910 3343 “
921 3316 1027 3407 ’λιλχω”

19 3433 48 3484 ³⁰
67 3433 134 3517 ἐφή
159 3422 360 3514 “νενίαήκα·
392 3423 597 3515 βουλόμενος
619 3421 685 3512 γάρ
705 3429 811 3492 σῶσαι
824 3421 939 3501 Σάκας
950 3419 1029 3502 τούς

64 3526 173 3620 ἐμοδς.
186 3535 340 3616 πολίτας,
361 3534 454 3612 δίψει
473 3529 528 3597 καί
546 3531 632 3620 λιμῷ
645 3526 779 3617 Πέρσας
796 3521 1026 3597 άπολάλεκα.”
