2318 3892
428 199 662 261 AEYTEPON.
984 197 1024 260 53

55 371 162 449 αὑτοῦ
178 366 365 462 Ισύμμαχον
392 369 560 458 δέχεσθαι.
603 368 655 445 Ού
678 377 796 442 τοίνυν
815 379 946 460 ἔχοντες
967 386 1024 442 ποῖ

55 480 231 570 τρέποιντο
246 479 293 544 οί
316 473 497 563 σύμμαχοι,
528 470 590 544 ούκ
611 481 659 545 ἔτι
682 476 759 566 περί
783 481 913 564 φυγῆς,
938 473 1023 545 άλλά
1111 481 1120 497 '

55 583 133 673 περί
151 587 247 670 νίκης
263 574 494 666 ε’βουλεύοντο.
931 637 934 645 .

129 681 324 772 Ἀγησίλαος
345 686 505 770 Θηβαίοις
532 677 767 769 παρετάσσετο.
809 686 854 751 Οί
878 681 932 768 δὲ,
960 680 1021 772 τὴν
1041 700 1072 754 19

55 781 260 874 Λακωνικὴν
280 785 438 872 φάλαγγα
460 785 554 871 βῆξαι
582 782 783 871 βουλόμενοι
809 786 866 853 καί
893 787 1019 868 διεξελ-

55 899 157 972 θείν,
189 891 357 977 καρτερῶς
376 883 576 975 ἠγωνίζοντο
583 936 592 970 ,
620 886 677 955 καί
697 886 801 973 φόνος
820 884 1021 978 άμφοτέρων

57 985 176 1070 πολύς.
223 985 414 1078 Ἀχησίλαος
441 987 663 1077 παρήγγειλε·
694 983 934 1079 “Πανσάμενοι
962 997 1020 1080 τῆς

60 1097 270 1183 θνμομαχίας
284 1097 565 1181 διαστολμεν.0
487 1088 506 1116 ”
537 1091 654 1180 Οίμίν
567 1093 862 1181 ίδιέστησαν·
879 1102 1022 1183 Θηβαῖοι

57 1195 96 1266 66
113 1193 355 1285 διαδραμόντες
368 1202 523 1283 ἔφευγον.
541 1191 742 1320 Ἀγησίλαος
747 1193 832 1266 κατά
843 1194 904 1286 τὴν
918 1195 1020 1290 ούρα-

55 1300 135 1387 χίαν
148 1295 263 1379 αὐτοῖς
282 1295 447 1384 επέκειτο,
470 1294 587 1366 κάλ’
549 1324 611 1367 ουκ
631 1304 680 1368 ἔτι
696 1297 800 1418 φόνος
818 1291 862 1390 ἦν
874 1297 1019 1390 άμφοτί-

55 1429 168 1495 ρων,
159 1397 244 1471 άλλά
256 1401 361 1490 μόνον
374 1405 442 1471 τάν
457 1400 666 1488 φευγόντων.

128 1502 325 1593 Ἀγησίλαος
338 1502 618 1592 παραταξάμενος,
633 1498 719 1573 6666
732 1498 1020 1586 ἐθελοκακοῦντας
1037 1520 1072 1571 20

55 1603 134 1688 τούς
148 1605 341 1696 συμμάχους
354 1602 585 1695 άνεχιόρησεν·
600 1597 643 1694 ἦν
657 1599 726 1675 δὲ
707 1634 728 1693 η
743 1601 951 1694 άναχάρησις
964 1606 1021 1681 διά

55 1713 186 1800 στενῶν
207 1707 314 1797 όρῶν,
336 1704 374 1777 ἓν
389 1703 438 1786 οἷς
458 1707 647 1796 προσεδόκα
667 1704 746 1786 τούς
763 1707 931 1788 Βοιωτούς
946 1705 1018 1778 ἐπι·

55 1810 236 1902 χειρήσειν.
283 1809 423 1891 ’Έταξεν
451 1800 514 1879 οὖν
542 1807 622 1890 τούς
647 1810 710 1899 μὲν
731 1816 1020 1900 Λακεδαιμονίους

55 1925 300 2003 προηγεῖσθαι,
321 1909 400 2001 τούς
419 1911 455 1983 δὲ
471 1912 666 2002 συμμάχους
679 1909 855 2002 ούραγείν,
881 1918 938 1988 ἵνα
951 1918 1020 1984 τῶν

55 2024 228 2104 πολεμίων
240 2013 324 2086 κατά
334 2012 397 2104 τὴν
409 2011 574 2105 ουραγίαν
583 2013 886 2107 προσκειμένων,
867 2015 1020 2118 ανάγκην

55 2127 166 2210 ἔχοιεν
179 2116 342 2208 άνδρείως
356 2115 595 2205 άγωνίζεσθαα

101 2219 298 2310 Ἀγησίλαος
314 2217 497 2310 ἒμβαλων’
485 2249 518 2301 ες
532 2228 713 2306 Βοιωτίαν,
739 2225 846 2309 δηούν
867 2220 924 2288 καί
939 2225 1016 2290 δεν-
1035 2239 1068 2291 21

55 2334 236 2412 δροτομείν
257 2321 320 2411 τὴν
338 2322 451 2412 χάραν
470 2320 626 2393 ἐκέλευσε
646 2337 715 2402 τοῖς
730 2320 928 2409 συμμάχοις·
950 2326 1020 2391 τοῖν

55 2429 95 2498 δὲ
114 2423 307 2493 ὀκνούντων
313 2473 323 2510 ,
339 2423 562 2514 παρήγγειλεν
576 2421 760 2512 άπέχεσθοιι
780 2422 947 2515 δηάσεως,
963 2421 1021 2505 τάς

55 2531 173 2619 μέντοι
193 2525 407 2613 μεταστάσεις
420 2531 481 2595 τού
501 2528 729 2614 στρατοπέδου
744 2529 795 2606 δίς
808 2527 865 2594 κἀί
877 2525 949 2614 τρίς
961 2531 1020 2617 τῆς

55 2631 183 2722 ἡμέρας
202 2626 356 2699 ἐποιεῖτο.
388 2625 593 2714 Ἀναγκαίως
612 2619 749 2710 οὖντὰς
765 2627 913 2716 καλύβας
929 2625 1017 2719 ἓγείν

55 2737 175 2823 ροντες
193 2738 333 2853 ἔτεμνον
345 2729 386 2801 τά
400 2731 526 2819 δένδρα
540 2729 596 2800 διά
616 2730 680 2821 τὴν
695 2728 809 2803 αὑτων
821 2738 953 2821 χρείαν,
976 2729 1018 2802 06

56 2833 114 2908 διά
135 2832 284 2923 τὴντῶν
307 2839 477 2923 πολεμίων
499 2833 645 2927 βλάβην·
671 2845 746 2911 ίσον
766 2835 804 2912 δ
818 2828 862 2926 ἦν
872 2833 937 2926 άρα
949 2850 1018 2920 τοίς

56 2944 227 3024 πολεμίοις
238 2966 276 3008 το
264 2935 510 3026 βλάπτεσθαι.

129 3037 324 3139 Ἀγησίλαος
349 3037 387 3111 ἐν
406 3038 569 3132 Αίγύπτφ
590 3043 797 3132 Νεκτανεβά
821 3024 1016 3127 συμμαχῶν,
1035 3055 1069 3108 22

55 3141 91 3223 ἐς
104 3149 228 3234 χωρίον
248 3144 501 3224 κατακλεισθεὶς
519 3166 685 3230 περιετειχ
687 3147 780 3226 ί.ζετο
818 3144 886 3211 Τοῦ
899 3140 938 3213 δὲ
952 3147 1015 3212 At-

55 3243 247 3334 γνπτίου
215 3271 274 3314 τον
288 3242 534 3334 περιτειχισμόν
547 3272 588 3315 ον
577 3241 774 3334 ’φέροντος
787 3238 871 3313 άλλά
885 3248 1016 3314 διακιν-
1120 3306 1123 3314 ,

59 3347 220 3419 δυνεύειν
245 3344 435 3438 ἀξιοῦντος,
464 3344 526 3418 ούκ
549 3343 709 3435 ἐπείσθη,
736 3341 810 3417 ἀλλ’
833 3341 1016 3435 όνίμεινεν,
1123 3367 1130 3377 ·

56 3455 121 3531 ἕως
135 3449 409 3543 περιεταφρεύθη
428 3452 485 3521 καί
498 3455 748 3540 περιετειχίσθη
769 3445 808 3519 τό
826 3455 911 3534 πάν,
930 3447 1018 3538 πλὴν

55 3551 174 3640 ὀλίγον
198 3558 316 3641 τοῦδε,
343 3549 374 3622 δ’
387 3548 491 3643 σ’τόμοι
513 3553 584 3626 καί
599 3557 712 3634 δίοδος
736 3543 859 3644 ’ἦντού
877 3557 1017 3642 τείχους.
