2318 3892
119 170 181 234 302
506 166 691 229 ΒΙΒΛΙΟΝ

119 341 240 422 λεύσας
260 336 349 428 έχειν
367 337 506 410 ἀκόντια
527 341 653 429 βραχέα
672 340 729 408 καὶ
747 339 878 427 ξιφίδια
893 338 1076 432 σύμμετρα,

119 443 209 525 ὅπως
221 442 280 524 τάς
292 458 505 532 χαμαιπετεῖς
515 439 597 522 ὕλας
610 440 654 566 μη
669 438 883 531 ὑπερέχοιεν·
897 439 984 513 ἀλλά
997 444 1078 533 μηδὲ

118 545 243 628 αύτούς
250 545 375 635 ὀρθούς
389 552 548 635 βαδίζειν,
564 544 691 632 ἐςγόνυ
702 547 740 616 δέ
754 543 962 626 όκλάσαντας
974 545 1077 671 ηρέμα

119 651 332 721 διαδύεσθαι
372 655 418 718 οί
434 650 497 738 μέν
519 645 600 737 δέχ’
580 651 763 774 αρχρμέχης
783 651 828 717 έω
850 647 907 718 διὰ
926 655 985 738 τῆς
999 644 1077 739 ὕλης

118 758 276 843 έρποντες
296 751 404 822 ἐπὶ
370 781 430 822 τον
451 752 558 840 λόφον
578 749 662 819 κατά
686 750 723 820 τὸ
750 749 847 822 λαιόν
866 749 1035 841 ἀνῄεσαν·
1060 746 1076 820 5

118 857 156 926 δὲ
175 865 308 945 Καῖσαρ
334 853 418 935 κατὰ
443 853 481 924 τὸ
508 852 619 936 δεξιόν
645 858 793 976 προσῆγε
818 852 880 942 τὴν
906 853 1076 944 στρατιάν,

118 965 293 1048 περισπῶν
309 964 355 1037 είς
369 954 472 1026 αὑτὸν
486 955 562 1037 τούς
576 953 853 1045 βαρβάρουςλθ
808 957 928 1045 Ομέν
941 955 1017 1047 55'
999 984 1076 1027 απο-

118 1060 290 1186 μάχεσθαι
297 1059 375 1141 τούς
395 1064 550 1148 φανερῶς
565 1055 880 1147 προσβάλλοντας“
853 1082 1028 1149 ωρμηντο·
1050 1063 1080 1128 οί

118 1161 186 1233 δέ’
169 1168 307 1251 αφανῶς
322 1166 411 1232 ἐκ
372 1190 429 1251 της
442 1159 523 1249 ύλης
541 1159 792 1250 ἀνερπύσαντες
814 1162 1004 1254 ἐκράτησαν
1022 1166 1079 1232 τού

118 1266 235 1353 λόφου.

68 1442 98 1491 11
195 1425 325 1503 Καῖσαρ
343 1412 496 1485 Ἀλεσίαν
510 1416 609 1485 πόλιν
623 1422 680 1506 τῆς
693 1424 821 1487 Γαλατί
820 1392 859 1498 ας
872 1416 1076 1508 ἐπολιόρκει

118 1524 280 1589 Γαλατῶν
295 1515 348 1587 ἐπ’
365 1516 468 1587 αὐτόν
483 1515 750 1607 αθροίζονται
706 1548 840 1608 μαχιμοι
854 1520 1019 1608 μυριάδες
1034 1527 1076 1590 εί·

118 1625 318 1692 κοσιπέντε.
342 1617 452 1706 0δέ
475 1621 608 1708 νύκτωρ
634 1616 769 1702 ὁπλιτας
798 1626 1004 1710 τρισχιλίους
1026 1625 1078 1692 καὶ

118 1724 194 1806 τούς
209 1726 328 1803 ἱππέας
348 1720 473 1802 πάντας
495 1722 672 1809 διελῶν,’
655 1752 692 1793 εκ
694 1718 852 1810 πλαγίου
868 1727 995 1814 μέρους
1006 1728 1076 1795 ἑκα-

117 1831 274 1916 τέρωθεν,
291 1828 467 1895 ἐκέλευσεν
492 1823 787 1915 ἀναχωρήσαντας,
817 1833 876 1916 τῆς
901 1824 1077 1918 ύστεραίας

117 1927 203 2016 ἀμφὶ
225 1931 388 2015 δευτέραν
404 1925 495 2016 ῶραν
515 1927 657 1998 κατόπιν
674 1934 743 1997 τῶν
766 1937 937 2020 πολεμίων
958 1933 1076 2019 ἐπιφα-

1 2078 3 2082 1
117 2034 235 2109 νέντας
255 2035 356 2117 ἔργον
377 2035 528 2116 ἔχεσθαι·
557 2027 656 2110 αύτός
683 2031 720 2100 δέ
747 2028 930 2120 ἀρχομένης
955 2029 1077 2123 ἡμέρας

118 2136 213 2221 ἐξῆγε
232 2130 293 2221 την
313 2130 473 2218 στρατιάν
490 2135 523 2213 ἐς
536 2132 662 2220 μάχην,
685 2129 769 2203 ῶστε
784 2141 819 2203 ολ
829 2134 1014 2225 βάρβαροι,
1035 2138 1077 2227 τῶ

118 2234 242 2325 πλήθει
268 2239 496 2323 θαρροῦντες,
524 2240 688 2320 γελῶντες
716 2238 879 2324 ἐδέχοντο.
940 2243 1017 2309 Τῶν
1044 2237 1077 2307 δέ

118 2335 201 2407 κατά
213 2335 323 2405 νῶτον
340 2340 517 2422 φανέντων
532 2340 588 2406 καὶ
602 2334 839 2421 ἀλαλαξάντων
858 2341 914 2407 καὶ
931 2350 1075 2411 κυκλου-

118 2444 248 2528 μένων,
278 2455 403 2526 φυγεῖν
429 2436 631 2526 ἀπογνόντες
666 2440 913 2529 ἐξεπλάγησαν,
947 2442 1077 2532 (ἐταρά-

117 2546 275 2632 χθησαν)
290 2543 345 2609 καὶ
358 2539 433 2612 τότε
447 2552 600 2624 πλεῖστος
616 2542 718 2630 φόνος
734 2549 896 2614 Γαλατῶν
909 2540 1077 2634 ὁμολογεῖ-

119 2672 171 2713 ται
185 2649 400 2732 γεγενῆσθαι.

69 2825 101 2876 12
199 2803 332 2883 Καίσαρ
345 2796 541 2884 Δυρράχιον
561 2797 790 2886 κρατούμενον
808 2795 876 2867 ύπδ
896 2805 1079 2888 Πομπηΐου

121 2898 325 2987 βουλόμενος
346 2900 452 2984 έλεῖν,
474 2895 573 2977 αύτδς
594 2898 657 2987 μέν
676 2897 810 2987 ὀλίγους
832 2900 921 2989 εἶχεν
941 2903 1078 2988 ίππέας,

118 3017 186 3082 τοῖς
201 3002 239 3071 δὲ
261 2992 305 3091 ἦν
318 2999 403 3071 πολὺ
421 3005 550 3088 πλῆθος
568 3004 717 3073 ίππέων·
739 3000 823 3073 ἀλλά
836 3004 893 3072 καὶ
905 3000 985 3084 τούς
999 3013 1080 3074 πολ-

119 3102 197 3184 λούς
214 3107 313 3193 τέχνη
333 3102 538 3194 χρησάμενος
559 3107 730 3194 ἐτρέψατο.
769 3103 855 3187 Τούς
874 3103 1012 3194 ὀλίγους
1027 3111 1080 3176 ίπ·

119 3222 192 3287 πείς
216 3206 415 3277 ἐπελαύνειν
435 3206 595 3289 κελεύσας
615 3214 809 3296 ἔμπροσθεν
830 3204 945 3278 αὐτῶν
963 3209 1083 3297 λόχους

118 3312 280 3396 τέσσαρας
315 3316 423 3394 πεζῶν
458 3312 569 3395 ἔταξε,
603 3318 829 3399 παραγγείλας
862 3310 970 3400 μηδὲν
1002 3306 1083 3381 ἀλλο

2 3443 12 3459 -·
119 3417 205 3500 δράν
228 3406 249 3500 5
275 3427 345 3492 τοϊς
370 3413 469 3481 ποσὶν
494 3410 683 3502 ἀνεγείρειν
703 3414 800 3484 κόνιν
819 3410 903 3502 ὅσην
920 3420 1082 3502 πλείστην

119 3514 290 3603 δύναιντο.
321 3513 418 3584 Πολύ
439 3512 481 3602 55
503 3517 604 3602 νέφος
622 3512 733 3602 ἀρθὲν
747 3521 940 3604 φαντασίαν
952 3519 1080 3587 πολλοῦ
