2318 3892
143 170 207 234 274
532 168 718 229 ΒΙΒΛΙΟΝ
813 180 816 185 ’

145 341 225 421 λοός
244 346 442 427 δισχιλίους,
458 335 505 407 δι’
528 335 729 428 ἀπορρήτων
742 335 934 422 συνέταξεν
955 335 1005 422 ῶς
1018 350 1103 411 πολε-

144 453 242 534 μίους
264 440 469 531 ἐμβαλόντας
482 451 670 530 πυρπολεῖν
687 440 750 529 τήν
766 441 883 529 χῶραν
896 444 962 513 καὶ
976 443 1103 531 βάλλειν

144 546 222 626 τούς
240 547 294 615 ἐπὶ
316 550 385 614 τῶν
406 549 536 630 τειχῶν.
569 541 744 632 Ἀθηναῖοι
766 550 873 615 ταῦτα
891 542 1102 635 ὁρῶντεςιινλ

143 654 323 736 πολεμίους
341 653 410 715 τῶν
430 652 574 737 Θρᾳκῶν
593 642 796 734 ἡγησάμενοι
817 645 899 727 τούς
920 651 1033 730 Γέτας
1052 646 1103 719 ἀιιό

142 757 211 820 τῶν
245 753 444 838 δρωμένων,
483 747 641 836 ἐκβάντες
672 753 884 839 θαρροῦντες
919 756 998 821 τῶν
1028 779 1101 820 νειι
1132 786 1138 823 ι

143 858 314 942 προσῆγον
332 866 401 931 τοῖς
422 856 579 938 τείχεσινζ
610 848 646 919 ‘0
669 851 733 941 μὲν
753 849 894 939 Σεόθης
919 857 1099 943 προεξήλδε
1146 888 1149 923 ι

141 961 211 1024 τῶν
222 959 343 1041 τειχῶν
357 956 506 1034 ἐναντίος
522 969 590 1032 τοῖς
599 951 811 1043 Ἀθηναίοις,
828 955 886 1023 καὶ
909 959 949 1024 οἰ
957 958 1063 1026 Γέται
1074 956 1098 1026 δὲ

142 1054 187 1137 ῶς
198 1054 264 1145 μετ’
280 1054 393 1125 αὐτῶν
406 1054 674 1143 παρατάττεσθαι
687 1058 874 1144 μέλλοντες·
888 1058 968 1127 ἐπεὶ
984 1059 1095 1129 δὲκατ-

141 1161 220 1229 όπιν
238 1160 409 1245 ἐγένοντο,
428 1157 588 1246 λαβόντες
602 1157 709 1227 ὀπίσω
727 1155 806 1239 τούς
824 1166 1034 1249 πολεμίους,
1055 1168 1094 1230 έν·

140 1273 205 1330 θεν
218 1261 281 1348 μὲν
294 1264 329 1328 οί
340 1267 485 1351 Θρᾷκες,
500 1265 604 1329 ἔνθεν
618 1261 656 1330 δὲ
669 1266 705 1330 οί
712 1262 824 1346 Γέται,
838 1261 974 1344 πάντας
987 1260 1096 1342 αάτοός
1147 1302 1149 1329 ;

142 1365 356 1452 διέφθειραν.
581 1366 584 1371 ’
1122 1392 1135 1432 ιι

511 1539 555 1594 δῶ
576 1542 730 1597 ΣΕἱδΗΣ.

152 1654 156 1663 ’
216 1671 357 1754 Σείλης,
369 1671 572 1754 τρισχιλίους
589 1671 732 1756 Περσῶν
745 1674 1011 1757 νεωτερίζοντας
1020 1683 1094 1739 κτεί-

139 1794 197 1838 ναι
216 1769 439 1857 βουλόμενος,
459 1769 625 1857 ἐσκήψατο
644 1770 819 1858 Σέλευκον
838 1767 933 1864 αὐτῷ
953 1769 1005 1841 δι’
1033 1775 1095 1843 ἐπι·

139 1877 257 1958 στολῆς
277 1876 428 1958 χαλεπῶς
448 1867 617 1940 ἀπειλεῖν·
637 1868 737 1951 αὐτός
757 1871 795 1940 δὲ
814 1877 856 1959 τῇ
869 1870 1007 1945 τούτων
1019 1894 1094 1965 συρ·
1132 1906 1145 1947 ε

139 1978 242 2063 μαχίμ
262 1973 466 2061 χρησάμενος
486 1977 621 2043 ἐθέλειν
640 1971 745 2043 αὐτόν
768 1980 967 2062 προλαβεῖν.
992 1972 1097 2055 Ὅπως

140 2071 174 2143 δ’
190 2068 234 2141 ἀν
246 2074 375 2163 βουλήν
387 2073 563 2162 ἀγάγοιεν,
575 2078 757 2158 συνέταξεν
769 2072 883 2156 αὐτοῖς
894 2074 1057 2149 ἀπαντῶν
1070 2082 1098 2159 ἐς

138 2172 256 2263 κῶμην
279 2172 419 2245 Ῥάνδαυ
444 2179 666 2265 καλουμένην.
703 2182 748 2246 Ol?
771 2178 833 2265 μέν
859 2178 1098 2260 πιστεύσαντες

137 2268 230 2366 ήκον.
257 2275 292 2346 ‘0
313 2279 368 2366 δὲ,
389 2269 434 2366 ήν
455 2277 518 2366 γάρ
540 2282 613 2358 έλος
635 2278 729 2366 βαθό
746 2282 803 2349 καὶ
824 2290 942 2351 κοῖλον
953 2278 1027 2353 ῶπό
1042 2281 1098 2372 τήν

138 2379 271 2467 κείμην,
298 2382 448 2449 ἐνταῦθα
475 2381 688 2450 Μακεδόνων
721 2383 777 2451 καὶ
811 2388 959 2473 Θρᾳκῶν
988 2390 1149 2465 ίπτείςτι

136 2489 368 2570 τριακοσίους,
394 2478 532 2563 ὁπλίτας
550 2489 752 2572 τρισχιλίους
778 2480 981 2573 ἀποκρύψας
1001 2491 1097 2559 συνέ-

135 2586 252 2668 ταξεν,
275 2581 355 2654 όταν
375 2590 473 2654 ίδωσι
494 2587 620 2675 πέλτην
640 2591 766 2674 χαλκῆν
779 2583 964 2675 ἀρθεῖσαν,
979 2594 1097 2681 ἐκδρα-

135 2684 257 2770 μόντας
276 2684 454 2776 ἀναιρήσαι
475 2687 603 2769 πάντας
620 2687 697 2768 τούς
715 2685 974 2778 ἠθροισμένους.
1008 2690 1097 2763 ’Aw-

136 2792 256 2875 δείχθη
279 2788 340 2874 μὲν
362 2785 514 2878 ήιιέλτη·
534 2798 570 2861 οί
586 2791 624 2861 δὲ
640 2791 862 2881 ἐκδραμόντες
879 2791 958 2875 τοός
971 2814 1097 2885 τρισχι-

27 2912 40 2989 J
134 2893 228 2970 λίους
240 2892 372 2980 Πέρσας
385 2891 649 2978 κατεφόνευσαν.

30 3555 35 3563 .
131 3525 207 3570 τινα
230 3501 336 3573 τόπον
354 3508 413 3592 τῆς
437 3510 620 3597 Περσίδος,
646 3502 704 3591 [ὃς]
724 3515 874 3579 καλεῖται
895 3504 1094 3597 Κωμαστός,
1108 3533 1128 3574 ε

498 3069 736 3130 40.ΟΒΟΡΖΟΣ.

208 3190 358 3284 Ὀβόρζος
379 3202 581 3286 τρισχιλίους
598 3195 726 3288 ἀνδρας
747 3174 817 3269 τῶν
839 3200 877 3270 έν
895 3204 937 3288 τῇ
951 3206 1097 3290 Περσίδι

131 3301 298 3366 κατοίκων
323 3298 602 3385 ἐπιβουλεύοντας
636 3299 837 3390 αίσθόμενος
863 3297 1096 3391 ἀπεπέμψατο,
1134 3322 1148 3337 ’

132 3395 213 3478 δούς
233 3393 399 3488 ἡγεμόνας
416 3406 485 3470 τῶν
506 3397 614 3490 ὁδῶν,
638 3410 672 3472 οἳ
688 3403 881 3493 προήγαγον
900 3400 1028 3487 αὐτοὺς
1047 3415 1095 3485 είς
