2318 3892
101 195 121 259 8
257 223 307 279 ·,
419 215 421 220 ·
491 195 676 264 οιοΛιοΝ

101 363 265 457 ἥρπαζον·
294 363 473 456 Ἡρακλῆς,
495 363 540 448 ως
562 364 828 469 ἀδικαδροῖντας
843 361 987 455 ἀμυνόμ.

101 467 180 550 τούς
194 468 398 550 ἐπελθόντας
411 477 538 539 ἔκτεινε
551 470 776 558 Κενταύρους.
869 556 876 567 ἡ

68 586 86 636 2
175 568 337 662 Ἡρακλῆς
350 570 412 661 τῆν
425 571 532 661 ἀλκῆν
544 577 605 641 τού
622 570 850 662 Ἐρυμανθίου
858 570 945 652 συὸς
962 600 987 659 φ

104 669 179 754 θεὶς
198 675 286 769 δόλφ
306 672 366 743 τὸν
386 680 477 764 θῆρα
501 671 601 745 εἷλεν.
632 672 667 742 ‘0
687 676 749 763 μὲν
768 671 834 745 ύπδ
855 679 899 762 τῆ
920 674 987 763 φάρ

105 775 273 862 εὐνάζετο·
288 776 391 867 μεστῆ
406 778 444 847 δὲ
457 777 566 865 χιόνος
580 783 704 866 πολλῆς
717 773 738 867 ῆ
753 778 884 866 φάραγξ
901 769 959 866 ῆν.
982 775 987 800 ⁸

103 887 225 961 λίθους
238 878 381 962 πολλούς
397 877 534 951 ἀνωθεν
547 883 744 967 ἐνέβαλλεν,
763 877 848 949 ὥστε
868 876 987 967 ἀγριαι

103 978 195 1064 ὁσύς
209 983 378 1066 ἐξάλλεται
399 985 455 1052 καί
469 990 570 1077 θυμῷ
585 983 787 1072 φερόμενος,
807 989 848 1072 τῆ
862 983 956 1070 χιόνι
970 987 987 1054 ἐ

104 1083 193 1172 σύν,
207 1083 456 1173 καταδυόμενος
469 1092 677 1174 περιπταίων
690 1083 872 1156 ἁλίσκεται.

70 1204 88 1256 3
176 1185 341 1277 Ἡρακλῆς
360 1187 505 1267 πλεύσας
523 1186 577 1257 ἐπὶ
600 1194 739 1276 Τροίαν,
762 1186 862 1273 αὐτὸς
876 1187 944 1275 μὲν
964 1185 987 1258 ἀ

105 1289 358 1380 πεζομαχῆσων,
392 1305 461 1370 τοῖς
487 1292 526 1361 δὲ
552 1291 772 1382 κυβερνήταις
800 1292 987 1380 προσέταξε

105 1398 189 1473 ναύς
202 1391 440 1479 ἀνακωχεύειν.
469 1398 514 1463 OC
523 1395 586 1484 μὲν
599 1386 662 1464 ούν
674 1397 766 1478 πεζοί
784 1399 896 1480 Τρῶες
911 1391 987 1483 ῆττι

109 1501 154 1564 Οί
168 1496 205 1564 δὲ
226 1499 338 1575 ίππεϊς
359 1497 414 1564 ἐπὶ
428 1487 486 1577 τάς
499 1501 583 1579 ναύς
595 1502 760 1587 ἔδραμον·
775 1494 823 1565 ,ού
843 1494 914 1584 μῆν
938 1503 987 1585 αίχ

105 1596 146 1667 τά
160 1596 273 1685 σκάφη
294 1596 477 1668 σαλεύοντα
500 1597 570 1669 ἀνω
592 1597 774 1688 θαλάσσης.
805 1595 979 1688 Ἡρακλῆς

105 1703 162 1782 ξας
189 1706 316 1769 ἐκτεινε
337 1701 463 1781 πάντας
488 1701 579 1792 παρά
598 1700 659 1791 τῆν
690 1699 806 1791 ἠϊόνα,
832 1701 982 1789 φεύγειν

107 1809 242 1890 ἔχοντας
259 1801 316 1871 διά
329 1803 507 1892 θαλάττης.
548 1814 551 1820 ’

72 1918 90 1970 4
179 1900 343 1993 Ἡρακλῆς
355 1908 393 1976 ἐν
403 1904 526 1995 Ἰνδικῆ
536 1910 709 1997 θυγατέρα
724 1905 921 1994 ἐποιήσατο,
935 1902 983 1995 ῆν

107 2017 184 2076 λεσε
203 2013 391 2096 Πανδαίην.
437 2009 548 2098 Ταύτη
572 2015 688 2097 νείμας
709 2024 831 2096 μοῖραν
850 2013 910 2097 τῆς
929 2006 987 2080 Ἰν(Ι

107 2108 190 2197 πρὸς
202 2115 411 2199 μεσημβρίαν
424 2110 645 2200 καθήκουσαν
659 2116 707 2190 είς
720 2111 906 2193 θάλασσαν,
923 2116 987 2182 διέι

106 2210 184 2293 τούς
210 2210 414 2302 ἀρχομένους
440 2219 487 2292 είς
513 2212 626 2301 κύμας
651 2213 738 2298 τξε’,
772 2209 961 2299 προστάξας

108 2314 251 2403 ἑκάστην
281 2311 410 2405 ἡμέραν
435 2323 517 2403 μίαν
540 2315 658 2404 κύμην
677 2313 863 2402 ἀναφέρειν
881 2313 944 2386 τὸν
971 2325 987 2405 β

87 2428 198 2514 Ιλειον
225 2416 347 2507 φόρον,
375 2421 431 2485 ἵνα
457 2415 535 2498 τούς
556 2416 621 2508 ῆδη
647 2417 766 2496 δόντας
785 2421 854 2504 ἐχοι
873 2423 987 2508 συμμά

107 2515 127 2607 ῆ
142 2519 385 2608 βασιλεύουσα,
402 2525 638 2592 ααταπτοούσα
661 2518 713 2590 ἀεὶ
734 2516 813 2600 τούς
834 2524 958 2608 δοῦναι
973 2521 987 2591 ἀ

55 2662 60 2671 ·
108 2632 235 2703 λοντας.

73 2739 90 2790 5
178 2721 342 2814 Ἡρακλῆς
355 2717 506 2804 Μινύαις
525 2728 698 2812 πολεμεῖν,
712 2715 799 2813 ῆσαν
813 2725 850 2794 δὲ
866 2731 987 2814 ίππομι

108 2829 145 2897 ἐν
158 2834 264 2920 πεδίῳ
277 2831 311 2895 οί
325 2825 456 2896 Μινύαι
471 2828 593 2910 δεινοὶ,
612 2824 727 2914 μάχηνῗ
740 2827 890 2911 συνάψαι
908 2827 955 2917 μῆ
980 2847 987 2896 ι·

108 2935 178 3016 ρων
191 2926 340 3017 ποταμὸν
357 2932 540 3017 ἐπαφῆκεν.
573 2920 636 2998 Ἠν
650 2930 687 2999 δέ
702 2925 720 2997 ὁ
734 2928 879 3018 ποταμὸς
893 2939 987 3020 Κηφι

106 3027 226 3120 ὁρίζων
246 3028 307 3120 ὅρη
328 3031 390 3100 δύο
397 3083 407 3118 ,
427 3028 631 3121 Παρνασσὸν
653 3034 709 3101 καλ
718 3028 888 3103 Ἡδύλιον.
929 3035 987 3122 Τέμ

108 3134 146 3203 δὲ
167 3132 229 3223 τῆν
242 3140 408 3203 Βοιωτίαν
428 3135 550 3222 μέσην,
571 3135 652 3224 πρίν
675 3135 852 3223 ἐκβάλλειν
866 3142 916 3217 είς
935 3137 985 3206 θά

107 3257 188 3322 σοιν,
224 3240 398 3324 ἐμπίπτων
427 3237 561 3328 μεχάλφ
597 3236 738 3327 χάσματι
767 3232 899 3327 ἀφανῆς
924 3247 987 3326 μίν,

113 3343 217 3407 Τοῦτο
235 3339 273 3409 δὲ
287 3336 325 3408 τὸ
341 3337 449 3429 χάσμα
462 3335 480 3408 ὁ
493 3335 656 3429 Ἡρακλῆς
669 3341 802 3430 πέτροις
825 3340 983 3431 μεγάλοις

176 3568 244 3636 Gap.
262 3569 288 3622 3.
325 3573 349 3635 §-
367 3574 392 3622 4.
428 3573 471 3622 Ex
488 3570 675 3637 Megasthenis
688 3571 800 3626 Indicis.
