2318 3892
472 222 654 283 ΠΡΩΤΟΝ.
836 273 838 275 .
1001 224 1040 284 21

41 392 46 443 ῗ
82 392 261 483 κρατήσας,
291 389 476 481 παρελθών
498 399 546 474 είς
565 397 761 483 ἐκκλησίαν,
789 392 938 476 εὐθύνας
961 395 1042 477 δούς
1111 432 1117 442 ·

41 494 46 530 ³
80 502 137 585 τῆς
153 494 396 586 αὐτοκράτορος
410 492 526 585 ἀρχῆς,
547 501 605 584 της
624 498 791 584 δαπάνης,
814 503 881 566 τῶν
902 506 1040 586 καιρῶν,

41 597 50 633 ⁶
79 604 148 668 τάν
168 596 300 685 ὅπλων,
322 603 391 666 τῶν
409 602 543 685 ἵππων,
565 605 635 668 τάν
656 599 838 688 τριηρεων,
862 602 916 669 ἐπὶ
937 606 1039 670 πᾶσιν

41 701 51 793 J·
79 702 292 783 ἐπαινεθεὶς,
311 703 403 779 τέλος
417 703 512 780 ἐξέδυ
525 698 586 788 την
600 704 725 790 ἐσθῆτα
739 704 795 769 καὶ
809 700 887 782 στάς
902 706 938 771 ἐν
951 707 1039 796 μέσῳ

41 804 62 869 ἰε
80 803 225 890 γυμνός·
248 797 392 881 “Ούτως
412 798 501 889 ἐγώ”
512 853 521 886 ,
543 808 624 890 ἔφη,
641 800 788 892 ’γυμνός
806 799 889 892 ύμῖν
908 808 1040 893 ἕστηκα,

79 903 177 991 ὑμεῖς
200 905 236 972 δὲ
257 909 391 972 ἔνοπλοι
403 901 524 988 ,χάστε
544 914 579 972 εί
595 911 631 973 τί
649 933 705 993 μοι
719 908 904 991 κέκρανται
918 913 1040 995 βίαιον,

80 1006 252 1095 χρήσασθε
266 1002 333 1076 κατ’
350 1009 433 1093 ἐμοῦ
445 1008 502 1075 καί
516 1007 644 1101 σιδήρῳ
660 1009 716 1076 καί
734 1009 816 1096 πυρί
830 1010 886 1078 καὶ
902 1007 1038 1089 λίθοις.”

74 1106 111 1176 Ὁ
128 1115 230 1196 δῆμος
245 1108 447 1197 ἐπεβόησεν,
469 1105 513 1190 ὡς
526 1107 664 1204 άριστον
682 1109 868 1199 στρατηγόν
882 1115 1040 1181 ἐπαινεῖν.

65 1207 108 1279 Ὁ
131 1212 168 1279 δέ
188 1205 369 1299 ὑπολαβών
391 1217 473 1299 ἔφη,
501 1208 590 1282 “Kal
616 1218 772 1293 εἰσαῦθις
797 1205 860 1282 οὖν
887 1220 1042 1284 τοιούτου

41 1339 50 1380 )
78 1312 267 1402 στρατηγόν
280 1312 565 1401 χειροτονήσατε.”
601 1314 713 1386 Πάλιν
741 1312 759 1385 ὁ
781 1321 898 1405 δῆμος,
917 1313 1040 1386 “Ἀλλά

73 1422 231 1486 τοιοῦτον
250 1415 354 1487 άλλον
369 1413 431 1485 οὐκ
444 1414 599 1506 ἐχομεν”
637 1415 736 1511 Ούτω
752 1415 793 1506 δη
808 1422 1039 1509 παρακληθείς

75 1519 240 1607 δεύτερον
271 1540 512 1607 στρατηγησαι,
546 1519 621 1590 ἀντὶ
657 1527 844 1610 στρατηγοῦ
873 1523 1039 1612 τύραννος

73 1623 208 1708 ἐγένετο
223 1630 645 1711 Συρακουσίων..

157 1726 272 1793 Γέλων
287 1730 441 1793 Σικελῶν
455 1722 619 1810 τύραννος
627 1681 690 1808 Ἱμί
690 1731 793 1790 λκωνι
806 1730 939 1809 βασιλεῖ
944 1731 1074 1812 Καρ-ν

41 1872 44 1886 ›
77 1833 266 1914 χηδονίων,
283 1826 522 1896 διαπλεύσαντι
537 1825 591 1893 ἐπὶ
605 1829 767 1908 Σικελίαν
782 1822 1038 1910 ἀντιστρατοπε-

74 1929 190 1998 δεύων
204 1928 290 2017 μάχη
305 1916 371 2016 μέν
392 1936 576 2015 συμβαλεῖν
589 1924 651 1996 ούκ
672 1927 826 2015 ἐθάρρει·
847 1934 1039 2016 Πεδίαρχον

73 2034 115 2102 δὲ
138 2031 199 2100 τὸν
219 2036 368 2160 τοξοτῶν
382 2028 587 2125 ἡγούμενον,
607 2026 728 2118 ὅμοιον
738 2033 846 2099 ἑαυτά
863 2029 924 2119 τὴν
944 2035 1039 2101 ίδέαν

71 2132 247 2223 άμφιάσας
267 2162 329 2223 την
341 2134 472 2203 ἑαυτοῦ
491 2132 698 2220 τυραννικὴν
711 2102 855 2221 ἐσθητόι,
884 2137 1039 2220 ἐκέλευσε

72 2245 262 2337 προελθεῖν
280 2265 340 2306 του
325 2240 586 2325 ”στρατοπέδον
611 2237 667 2302 καὶ
686 2236 847 2304 θύεινέπ
825 2237 949 2304 πὶτῶν
969 2242 1036 2322 βω-

41 2385 43 2397 ·
76 2346 174 2430 μῶν,
195 2342 338 2408 έπεσθαι
359 2336 451 2408 δὲ’
410 2367 500 2407 αντω
487 2336 647 2418 τοξότας
659 2341 696 2405 ἐν
709 2341 826 2424 ἐσθῆτι
841 2343 944 2459 λευκη
958 2365 1035 2405 κατ-

74 2448 215 2532 έχοντας
240 2450 401 2565 μυρίκας,
426 2437 540 2521 τόξα
522 2437 588 2508 υπὸ
607 2454 678 2518 ταῖς
699 2445 855 2528 μυρίναις
873 2439 1038 2527 κρύπτον-

73 2567 153 2624 τας·
170 2539 298 2632 ηνίκ’
278 2572 321 2611 αν
336 2544 373 2612 δέ
392 2547 511 2610 ίδωσιν
521 2539 567 2628 Ιμ
571 2546 696 2608 ίλκωνα
724 2540 841 2608 καῖ’
801 2539 904 2610 αυτὸν
919 2536 1039 2628 ὁμοίως

74 2646 291 2733 προελθόντα
314 2647 370 2714 καὶ
390 2644 536 2728 θύοντα,
557 2642 706 2724 τοξεύειν
721 2639 776 2713 ἐπ’
797 2641 908 2728 αὐτόν.
938 2641 1037 2713 Ούτω

77 2749 122 2838 δὴ
137 2748 267 2818 τούτων
280 2751 517 2836 πραχθέντων,
539 2743 692 2834 Ἰμίλκων
711 2743 814 2816 οὐδέν
833 2742 1038 2835 ὑπιδόμενος

41 2849 261 2940 .”προελθοδν
289 2859 431 2920 ἔθυσεν·
469 2845 505 2929 ὃς
539 2852 696 2918 σπένδων
728 2847 826 2919 θύων
859 2878 909 2919 τε.
938 2847 1036 2935 άφνω

77 2959 216 3025 πολλάν
239 2953 449 3042 τοξευμάτων
470 2950 523 3023 ἐπ’
549 2949 652 3021 αὐτόν
669 2952 885 3022 ἐπελθόντων
905 2949 1035 3020 ἐτελεύ-

75 3078 190 3146 τησεν.

157 3161 272 3229 Γέλων
310 3156 347 3235 τό
380 3153 581 3246 Μεγαρικὸν
616 3153 820 3243 βουλόμενος
856 3158 1072 3230 καταλύσαι3

79 3267 237 3340 ἐποίκους
250 3259 312 3348 μὲν
335 3259 445 3329 ἐκάλει
464 3257 544 3338 τούς
563 3259 741 3337 ἐθέλοντας
760 3257 939 3344 Δωριέων,
954 3267 1036 3326 Λιο-

41 3398 58 3437 ο
77 3365 191 3458 γνήτηι
208 3363 260 3447 δὲ,
275 3366 321 3454 τῷ
335 3369 524 3448 Μεγαρέων
538 3358 691 3448 ἄρχοντι,
706 3359 857 3447 χρήματα
871 3358 961 3447 παρά
978 3357 1039 3426 δύ-

78 3495 184 3557 ναμιν
199 3466 372 3546 ἐπέταξεν·
392 3460 412 3532 ὁ
427 3464 464 3532 δὲ
478 3478 547 3543 τοῖς
561 3469 722 3634 πρρίταις.
758 3466 803 3529 Ol
815 3462 852 3530 δέ
867 3476 935 3541 τοῖς
949 3462 1039 3530 τέλε·

79 3594 137 3641 σιν
155 3565 421 3657 ἀπαγορεύοντες
442 3569 474 3646 ἐς
490 3562 586 3654 τὴνά
614 3562 797 3655 οικίαντην
810 3567 847 3635 ἐν
860 3564 1039 3653 Συρακού-
