2318 3892
22 267 25 272 ⁴
102 199 141 258 76
490 192 676 258 ΒΙΒΛΙΟΝ

67 389 83 440 3
177 366 338 455 Ἰσχόλαος
354 363 421 437 ὑπό
436 373 590 456 Χαβρίου
604 363 897 458 πολιορκούμενος
919 362 960 437 ἐν
972 372 1064 457 Δρυλ,

101 472 278 558 μέλλοντος
293 469 475 558 προσάγειν
488 468 567 550 τούς
587 468 720 557 κριούς,
735 465 840 550 αύτός
856 468 1002 557 φθάσας
1015 472 1063 559 μί-

102 601 158 661 ρος
172 573 332 660 κατέβαλε
351 578 411 641 τοῦ
432 579 577 659 τείχους·
601 569 702 660 άμφω
720 570 989 661 μηχανώμενος,
1007 587 1065 652 τοῖς

101 676 163 764 μὲν
191 671 297 743 αὑτοῦ
323 674 538 764 στρατιώταις
564 670 801 765 ἀνδρειότερον
832 671 1064 762 ἀγωνίσασθαι
1099 758 1106 778 ,

101 775 138 847 τό
151 783 211 846 τοῦ
224 785 354 866 τείχους
374 775 498 865 ὀχυρόν
520 774 581 847 ούκ
601 783 730 864 ἔχουσι,
748 791 820 857 τοῖς
838 777 883 847 δὲ
898 783 1081 867 πολεμίαςε

102 879 138 949 τό
152 885 473 969 καταπεφρονῆσθαι
489 877 555 969 ’τήν
567 866 787 968 παρασκευήν
802 884 877 948 τῶν
891 889 1064 970 πολιορκη-

102 987 207 1052 τικοῑν
233 982 489 1071 μηχανημάτων.
526 979 656 1070 Ἀμέλει
683 980 745 1072 τήν
764 981 931 1053 ἑκούσιον
947 980 1066 1053 ύποτεί

102 1107 192 1173 χισιν
206 1087 415 1173 φοβηθέντες
429 1093 614 1176 παρελθεῖν
629 1088 677 1165 είς
690 1081 753 1174 τήν
769 1083 875 1156 πόλιν
889 1080 960 1156 ούκ
973 1082 1066 1175 όθάρ·
1098 1064 1107 1305 Ι

103 1207 220 1276 σησαν.
884 1216 886 1220 “

67 1308 85 1358 4
173 1285 345 1375 Ἰσχόλαος,
361 1288 651 1379 προσκαθημένων
660 1283 855 1375 Ἀθηναίων
874 1288 1062 1379 πυθόμενος
1072 1312 1107 1351 1⁰¹

104 1389 194 1460 εἷναί
205 1416 299 1470 τινας
311 1397 380 1459 τῶν
393 1389 557 1480 φυλάκων
573 1387 652 1470 τούς
666 1389 896 1479 προδιδόντας
901 1444 915 1480 ,
940 1391 1064 1476 νύκτωρ

103 1490 277 1580 ἐφοδεύων
298 1491 355 1572 τὰς
379 1491 533 1582 φυλακάς
556 1493 682 1586 ἑκάστῳ
701 1497 770 1561 τόν
784 1493 961 1581 φυλάκων
973 1496 1068 1582 παρί-Ι

102 1597 193 1678 ζευξε
205 1600 274 1664 τόν
286 1597 507 1685 μισθοφόρων
526 1599 595 1665 ἕνα.
636 1600 742 1665 Τοῦτο
756 1595 886 1688 πράξας
899 1594 1064 1691 ἀταράχως

103 1705 208 1786 ἔφυγε
221 1703 278 1788 τής
293 1704 474 1790 προδοσίας
487 1696 547 1768 τόν
559 1704 733 1768 κίνδυνον.

413 1876 456 1934 23.
477 1879 751 1934 ΜΝΑΣΙΠΠΙΔΑΣ.
789 1884 801 1903 ·
1078 1862 1105 1923 ι’

180 2008 425 2083 Μνασιππίδας
444 1998 560 2099 ὀλίγον
575 2008 705 2093 πλῆθος
726 1993 816 2092 ἦγεν.
841 1996 937 2073 Ἐπεὶ
952 2003 994 2074 δὲ
1011 2030 1084 2097 να·Ι

103 2103 179 2185 κτός
196 2102 358 2175 ἐπέθεντο
377 2108 545 2196 πολέμιοι,
565 2104 644 2187 τούς
665 2103 785 2189 ψιλούς
804 2105 862 2173 καὶ
887 2103 974 2188 τούς
993 2114 1066 2176 σαλ-

104 2206 244 2295 πιγκτάς
265 2205 442 2284 ἐκέλευσεν
465 2206 503 2279 ἐν
522 2213 569 2303 τῷ
594 2206 702 2302 σκότφ
729 2205 979 2297 περιελθόντας
997 2207 1067 2279 ὅτι·
1104 2178 1107 2251 1

104 2321 191 2379 σθεν
212 2316 281 2380 τῶν
302 2306 546 2399 ἐπιτιθεμένων
566 2316 745 2400 σημαίνειν
762 2307 800 2378 τό
814 2308 1005 2399 πολεμικόν
1017 2311 1070 2381 καὶ

42 2406 45 2411 “
103 2410 390 2501 ἀκροβολίζεσθαι.
425 2417 471 2483 ol
480 2414 535 2500 δὲ,
559 2408 603 2493 ως
615 2409 682 2482 ὑπὸ
695 2411 848 2501 πλήθους
861 2418 1094 2511 πολλυῠκν-λλ

105 2515 283 2605 κλούμευοι
291 2568 301 2603 ,
317 2513 372 2585 διά
385 2515 504 2605 τάχους
518 2512 745 2606 όινεχοόρησαν.
957 2536 962 2543 ·

427 2694 470 2752 24.
491 2697 740 2751 ΑΝΤΑΔΚΙΔΑΣ.

179 2817 410 2905 Ἀνταλκίδας,
432 2817 470 2889 ἐν
480 2817 609 2913 Ἀβύδῳ
630 2817 711 2909 μετά
728 2821 893 2889 ναυτικοῦ
913 2824 1070 2900 πλείονος

104 2928 291 3012 δατρίβων,
302 2919 449 3003 Ἀττικάς
461 2922 606 3012 τριήρεις
619 2918 785 3011 ὁρμούσας
800 2916 837 2990 ἒν
855 2921 993 3014 Τενέδφ
1005 2949 1067 3010 μα·

103 3023 180 3094 θεόν
194 3027 406 3113 φοβουμένας
426 3021 459 3106 ἒς
472 3025 655 3110 Βυζάντιον
675 3028 875 3094 διαπλεῦσαι
888 3022 974 3113 πρός
984 3021 1065 3113 Ἰφι·
1082 3044 1102 3084 ²⁸

104 3127 246 3214 κράτηυ,
266 3125 482 3216 ἀγγείλαντος
499 3127 589 3209 τινός
612 3124 656 3208 ὡς
665 3124 852 3216 Ἰφικράτης
870 3134 1069 3215 πολιορκοίη

104 3235 358 3317 Χαλκηδονίους
372 3229 608 3319 φίλονςόντας,
616 3228 841 3318 παρήγγειλεν
854 3225 1025 3299 άποπλείν
1037 3231 1070 3310 ἐς

105 3329 324 3421 Χαλκηδόνα,
351 3334 407 3402 καὶ
427 3330 587 3421 ιἰναχθεῖς
606 3331 788 3422 ἐνήδρευσε
814 3333 891 3420 περὶ
910 3329 975 3420 τήν
994 3340 1069 3402 Κυ-

105 3434 252 3524 ζικηνήν.
289 3439 335 3504 oi
342 3436 379 3505 δὲ
392 3433 458 3505 ιἰπό
471 3440 530 3524 τῆς
548 3438 711 3521 Τενέδου,
734 3432 796 3525 τήν
808 3428 993 3523 ἀναγωγήν
1005 3431 1070 3523 τήν

101 3533 321 3607 Ἀνταλκίδου
341 3537 547 3626 πυθόμενοι,
567 3535 651 3608 κατὰ
668 3536 765 3626 τάχος
785 3532 970 3635 ἐπειρῶντο
983 3533 1068 3629 πρὸς
1084 3552 1107 3595 ⁸⁰
