2318 3892
388 191 609 253 ΕΒΔΟΜΟΝ.
914 191 976 254 249

53 391 100 449 ις,
124 357 169 443 ὡς
188 368 293 448 ἔοικε,
313 358 371 442 τάς
391 360 498 451 ψυχὰς
517 359 631 432 αὐτῶν
651 364 838 452 έκθήλῦνάι
857 389 975 456 προαι-

51 467 191 554 ιόμενος.
223 464 352 555 Ἀμέλει
373 465 555 555 βαρβάρων
572 463 819 555 ἀπολεμωτατοι
833 467 974 556 γεγόνα-

51 570 205 654 υΛυὸοὶ,
221 568 373 656 πρόσθεν
386 565 480 648 όντες
493 569 765 656 πολεμικώτατοι.

92 676 206 758 Κῦρος
218 675 407 759 Βαβυλῶνα
421 676 633 759 πολιορκῶν2
649 669 764 759 ἐπειδὴ
778 672 975 742 συνετέλεσε
992 695 1008 746 5

51 790 75 855 ἰς
89 773 255 862 διώρυχας
267 780 328 843 τοῦ
342 770 527 862 Εὐφράτου
541 771 597 841 6ιά
614 779 673 861 τῆς
687 773 816 852 πόλεως
830 775 974 862 ῥέοντος,

51 875 165 966 ιήγανε
191 875 229 944 τό
257 875 483 964 στρατόπεδον
512 864 724 970 μακροτάτφ·
751 875 975 964 Βαβυλώνιοι,

51 984 213 1068 ιμίσαντες
236 975 339 1046 αὐτὸν
362 975 592 1065 ἀπεγνωκέναι
617 984 675 1066 τῆς
703 984 911 1065 πολιορκίας,
938 977 977 1047 τὸ

51 1079 169 1170 νὀόρόν
186 1086 255 1150 τῶν
276 1086 439 1168 φυλακῶν
457 1077 596 1168 ἀνῆκαν.
632 1076 668 1149 Ὁ
690 1081 728 1150 66
746 1078 806 1148 τόν
827 1079 977 1169 ποταμόν

51 1185 241 1306 τοστρέψας,
264 1179 325 1270 τήν
346 1181 491 1271 δύναμιν
507 1179 686 1269 έπαγαγων
706 1181 879 1270 συντόμως
893 1181 977 1252 κατά

51 1314 78 1354 ιν
95 1284 209 1409 χωραυ
227 1291 288 1353 τοῦ
313 1281 454 1387 ἀρχαίου
481 1281 688 1374 ῥεύματος’
669 1283 875 1373 υπεισήγανε
900 1313 978 1367 τους

51 1387 236 1477 ρατιοότας,
251 1386 361 1456 καὶ
321 1415 379 1475 τής
392 1393 595 1511 Βαβυλῶνος
612 1385 804 1476 έκράτησεν.

65 1496 181 1576 Κῦρος
206 1496 342 1581 Κροίσφ
369 1485 680 1577 ἀντιπαρετάσσετο
736 1495 862 1566 Λυόοις
889 1478 1010 1575 ἦσανθ

51 1608 129 1674 ’πεῑς
149 1594 265 1661 πολλοὶ
284 1593 339 1659 καί
360 1594 445 1678 μέγα
460 1593 514 1660 έπλ
527 1591 657 1670 τούτοις
671 1591 808 1680 έφρόνει
821 1597 977 1678 Κροῖσος.

51 1701 164 1786 ροίσου
190 1692 324 1782 ἀχρεῖον
345 1690 382 1761 τό
407 1691 545 1763 ἱππικόν
565 1690 717 1781 ἀπέφηνε
738 1699 867 1781 Κῦρος,
892 1716 975 1779 προ-

51 1799 115 1882 Ξξας
138 1802 207 1865 τῶν
231 1799 378 1865 ίππικῶυ
398 1790 544 1864 ὁπλιτῶν
564 1793 732 1882 καμήλους
756 1792 896 1872 πολλός·
918 1797 976 1863 ἴπ·

51 1928 77 1980 ις
100 1899 137 1969 δὲ
159 1897 309 1986 καμήλου
331 1895 450 1984 φεύγει
471 1899 527 1965 καλ
541 1894 602 1985 τήν
616 1893 696 1979 ὅφιν
711 1899 767 1966 καὶ
781 1895 844 1987 τήν
858 1891 975 1987 ὀδμήν.

51 2000 148 2072 ἀτίκα
165 2000 205 2089 δή
222 2001 405 2087 φεύγοντες
419 2004 480 2068 ολ”
465 2026 560 2069 ιπποι
574 2027 651 2080 τους
664 1998 799 2124 Λυδοὺς
813 1994 976 2088 όπεξέφε·

51 2132 94 2191 ν,
111 2100 194 2171 οόστε
207 2094 265 2191 ήυ
262 2101 367 2195 Κόρφ
382 2108 461 2190 νίκή
473 2104 529 2170 καλ
542 2101 608 2189 πρό
625 2130 664 2188 γε
676 2107 733 2192 τής
746 2103 861 2191 μάχής.

97 2211 209 2292 Κυρος
227 2207 360 2294 Πέρσας
378 2200 563 2292 ἀποστῆναι
588 2205 723 2292 Μήδων
744 2211 877 2274 ἔπεισεν
898 2193 975 2272 ωδε.
995 2221 1011 2274 7

51 2310 141 2390 είξας
150 2314 273 2395 χωρίον
286 2303 512 2394 αυτοῖςάρνὸυ
521 2308 577 2375 καὶ
589 2304 788 2431 ἀκανθωδες
802 2309 977 2376 ἐκέλευσεν

51 2431 204 2500 ιερωσαι·
226 2413 259 2478 ολ
283 2409 319 2478 δέ
347 2405 412 2477 σόν
440 2413 553 2502 πολλῷ
575 2408 668 2500 πόνφ
690 2405 878 2497 ήμέρωσαν.
913 2411 978 2495 Τής

51 2518 160 2598 ιτεραί
159 2539 198 2591 ας
145 2513 359 2581 ἐκέλευσε
373 2507 628 2599 λουσαμένους
608 2539 713 2598 ήκειν
726 2508 817 2580 Ἐπεὶ
833 2499 902 2580 δέ
881 2536 976 2633 ήκον,

51 2613 212 2704 οοέθήκεν
234 2612 347 2692 αὐτοῖς
381 2609 526 2698 ευωχίαν
550 2611 708 2701 ἀφθονον
734 2615 790 2681 και
815 2609 898 2702 μετά
916 2607 979 2699 τήν

51 2713 199 2806 ιωχίαν’
177 2742 293 2838 ηρετο,
315 2717 438 2809 ποτέρα
452 2721 617 2802 κρείσσων
632 2712 748 2803 ήμέρα.
780 2721 826 2784 Οί
837 2710 912 2785 66
889 2742 976 2837 ωμο·

51 2820 166 2908 ἱμησαν
179 2824 236 2906 τῆς
248 2818 327 2905 χθες
341 2816 403 2906 τήν
424 2817 571 2905 σήμερον
589 2816 676 2911 τόσφ
696 2813 929 2907 κρείττουα,”
911 2838 978 2908 οσφ

51 2916 544 3049 ικοόαιμονίαςεόδαιμονλαν.
546 2916 723 2990 Οὐκοῦν”
727 2885 977 3009 ,ὁΚυροςέφή

51 3021 76 3095 ἀ
100 3029 157 3112 τῆς
187 3020 403 3111 εὐδαιμονίας
428 3019 542 3109 ἀγαθοὶ
568 3017 722 3108 ἕξετε,’“
700 3051 744 3109 ην
769 3027 828 3110 τής
846 3020 979 3108 Μήδων

51 3134 175 3206 ιυλείας
200 3121 388 3227 ἀποστῆτε]
390 3121 632 3212 ’Πέρσαι
590 3155 635 3214 μή
655 3123 891 3249 μελλήσαντες
898 3119 978 3210 ἀφί-

51 3256 176 3316 ανται,
187 3229 252 3297 καλ
274 3227 412 3315 βασιλέα
435 3231 551 3350 Κυρον
571 3227 770 3315 στησάμενοι
796 3221 919 3307 αὐτούς
942 3250 979 3292 τε
1059 3228 1064 3235 ’
1095 3234 1097 3238 ’

51 3333 170 3421 λήδους
175 3333 362 3400 κατέλυσαν
381 3330 498 3398 καί
459 3358 516 3418 τής
530 3328 631 3418 ἀλλης
642 3327 750 3432 Ἀσίας
761 3319 876 3417 ἦρξαν.

51 3454 250 3466 ...---.--

88 3494 157 3561 Oap.
177 3495 203 3548 6.
240 3493 312 3558 5..ss
347 3493 511 3560 ExHerod.
531 3495 560 3558 1,
578 3492 621 3543 80.

89 3562 158 3630 Cap.
176 3563 202 3616 6.
238 3565 263 3627 ς.
281 3565 308 3618 ’1.
343 3563 386 3616 Ex
398 3563 504 3619 Herod
525 3560 633 3626 1,126.
