2318 3892
99 179 160 242 τεο
488 140 674 240 ειεκιοα

98 353 226 439 λιμένα.
254 347 408 439 Κήρυκες
423 348 460 419 δὲ
474 346 643 438 ἀνεβόων·
663 345 876 439 “Λημήτριος
889 347 950 432 τάς
961 346 1061 440 'Affli-

98 481 159 535 νας
178 451 376 541 ἐλευθερολ”
401 455 456 522 καί
475 451 651 541 Ἀθηναῖοι
671 450 710 522 τό
723 452 878 543 κήρυγμα
889 458 950 544 τῆς
964 457 1060 524 ἐλευ·

98 564 217 645 θερίας
230 553 394 646 ὁρώμενοι
407 556 604 646 Δημήτριον
619 558 872 644 προσεδέξαντο.

68 673 83 728 7
178 659 370 749 ’Δημήτριος
390 659 575 750 ἐπολιόρκει
595 668 774 748 Σαλαμῖνα
793 658 856 749 τήν
875 661 913 729 έν
930 658 1062 752 Κύπρῳ

100 763 271 852 τριήρεσιν
286 760 405 832 ἑκατόν
419 763 663 852 ἑβδομήκοντα·
690 768 904 850 Πτολεμαίου
917 780 1060 859 στρατη·
1076 786 1087 824 ε

100 865 157 953 μὰς
175 867 355 947 Μενέλεως
377 865 535 954 ἑξήκοντα
546 867 681 936 ’ναυσίν
701 865 861 956 ἐφρούρει
873 861 937 952 τήν
952 864 1063 949 πόλιν,

100 970 157 1037 καλ
175 966 275 1049 αύτός
296 969 334 1038 δὲ
348 978 555 1057 Πτολεμαῖος
574 974 801 1058 προσεδοκᾶτο
822 969 923 1038 ναυσί
943 988 1062 1041 τεσσα-

101 1071 246 1161 ράκοντα
257 1073 313 1141 καὶ
327 1071 445 1141 ἑκατὸν
458 1075 747 1142 ἐπιπλευσεῖσθαι.
767 1067 1064 1160 Δημήτριος,·πρός

102 1181 273 1255 διακοσίας
287 1170 370 1264 ὁμοῦ
383 1174 529 1264 τριήρεις
538 1171 713 1263 ἀξιόμαχος
726 1171 790 1244 ούκ
805 1169 863 1261 ἀν,
877 1178 936 1261 τής
949 1182 1061 1242 Σαλα·

102 1293 196 1367 μίνος
209 1275 316 1366 άκραν
335 1273 568 1365 ὑπερέχουσαν
583 1276 824 1365 περιπλεύσας,
846 1273 913 1346 ὑπὸ
925 1279 1064 1367 κρημνῷ
1078 1301 1095 1340 ιι

102 1387 301 1468 λιμενίζοντι
315 1384 492 1468 ναυλοχῶν
514 1378 705 1468 ἐκρύπτετο.
729 1377 820 1450 Ἐπεί
834 1376 867 1448 δ’
894 1375 913 1447 ό
935 1387 1062 1448 Πτολε·

102 1499 215 1572 μαίος,
241 1481 318 1562 τούς
336 1479 483 1553 όπισθευ
501 1489 562 1552 τοῦ
582 1487 735 1571 κρημνοῦ
753 1480 798 1572 μή
819 1480 1064 1570 προορώμενος,

103 1591 248 1675 κατήρευ
270 1589 303 1666 ἐς
316 1597 399 1654 θῑνα
414 1581 574 1675 εὔορμον,
596 1583 891 1675 ἀναπεπταμένον,
913 1586 969 1652 καί
987 1585 1065 1671 περὶ

103 1697 242 1778 ἔκβασιν
267 1680 327 1777 ήν,
356 1691 612 1777 ἐπιστρέψαντες
632 1693 673 1759 -οδ
696 1689 773 1778 περὶ
792 1686 851 1758 τόν
871 1686 1065 1777 Δημήτριον

104 1792 329 1880 ἐξεφάνησαν·
344 1793 399 1861 καὶ
414 1797 614 1881 παραχρήμα
628 1806 700 1872 ταῖς
713 1797 915 1879 Αἰγυπτίαις
928 1793 1063 1876 ναυσὶν,
1078 1794 1097 1856 ἀ

103 1893 178 1985 άρτι
193 1895 524 1983 προσορμιζομέναις,
545 1894 788 1983 ἐμβάλλουσιν,
804 1891 890 1964 ὥστε
903 1890 1065 1976 ὀξύτατον

103 2001 263 2086 γενέσθαι
284 2001 342 2086 τής
361 2002 457 2084 νίκης
469 1995 507 2066 τό
522 1997 629 2085 τάχος.
657 2005 865 2086 Πτολεμαῖος
878 1997 942 2086 μὲν
955 2018 1064 2085 παρα·

102 2107 211 2190 χρήμα
240 2104 365 2187 ἔφυγε·
396 2101 578 2182 Μενέλεως
600 2099 656 2187 δέ,
678 2096 745 2170 ἀπό
762 2109 957 2188 Σαλαμῖνος
979 2096 1063 2169 ἀνα·

102 2205 197 2292 χθεὶς
212 2197 256 2281 ὡς
269 2201 558 2291 προσβοηθήσων,
578 2203 634 2272 καί
652 2194 751 2286 αύτὸς
764 2209 962 2297 Πτολεμαίῳ
977 2201 1065 2290 φεύ-

103 2306 416 2394 ηοντισυυέφυχεν.
632 2386 641 2407 .
1081 2324 1103 2364 ἲν

68 2419 86 2472 8
181 2406 373 2498 Δημήτριος
396 2411 430 2488 ές
450 2404 626 2495 Κόρινθον
652 2408 901 2497 προδιδομένην
928 2406 1089 2496 νύκτωρ

103 2517 274 2600 προῆλθε,
288 2516 357 2580 τοῖν
371 2509 605 2598 προδιδόντων
617 2509 676 2592 τάς
689 2509 773 2580 κατὰ
786 2506 942 2600 κορυφήν
955 2509 1067 2590 πύλας

101 2613 317 2695 ἀνοιξάντων.
351 2610 484 2693 Λεδιιός
497 2610 575 2693 τούς
589 2615 627 2682 ἐν
648 2617 690 2702 τῇ
703 2612 815 2700 πόλει,
837 2611 883 2702 μή
896 2612 1068 2701 μαθόντες

103 2721 293 2801 ἐπιθοῖντο,
320 2717 544 2803 περιέσπασεν
580 2711 719 2801 αύτούς,
750 2715 878 2805 πολλήν
903 2713 1069 2804 στρατιάν

104 2817 305 2909 προσβαλὼν
314 2835 386 2899 ταῖς
400 2817 521 2898 πύλαις
534 2831 606 2898 ταῖς
619 2815 703 2887 κατά
712 2816 750 2889 τό
759 2820 914 2907 Λέχαιον.
943 2823 990 2888 Οί
1001 2817 1067 2906 μὲν
1083 2841 1103 2880 υ

104 2921 145 3013 δή
161 2921 288 3012 μεγάλα
308 2918 491 3011 ήλάλαξαν·
514 2925 549 2990 οί
560 2920 597 2989 δὲ
609 2928 790 3010 Κορίνθιοι
805 2918 888 3009 πρός
907 2918 969 3008 τήν
979 2919 1068 3010 βοήν

104 3027 316 3114 συνέδραμον
329 3022 484 3102 ἅπαντες.
509 3028 555 3093 Οί
567 3023 802 3111 προδιδόντες,
822 3021 880 3104 τάς
901 3020 986 3093 κατὰ
1006 3050 1065 3093 κο-

104 3126 218 3217 ρυφήν
233 3127 341 3207 πύλας
361 3126 569 3213 ἀνοίξαντες,
589 3125 666 3206 τούς
689 3132 869 3216 πολεμίους
891 3129 1065 3208 ἐδέξαντο·

79 3281 81 3285 ⁴
104 3231 294 3320 Δημήτριος
316 3232 353 3301 δὲ
372 3226 490 3321 ᾑρήκει
503 3229 696 3318 Κόρινθον,
719 3236 920 3320 Κορινθίων
937 3226 998 3310 τάς
1011 3231 1069 3300 ἐπὶ

104 3339 248 3423 Λεχαίου
262 3333 369 3414 πύλας
383 3330 633 3422 φυλαττόντων.
1084 3359 1103 3401 ει

70 3455 87 3507 9
178 3436 369 3526 Δημήτριος
395 3433 616 3523 ἐπεστράτευε
633 3438 926 3523 Λακεδαιμονίοις·
947 3425 993 3522 ἦν
1005 3435 1066 3523 μέ-

103 3560 165 3609 σον
178 3537 377 3631 ἀμφοτέρων
399 3537 476 3630 όρος
484 3534 684 3628 Ἀρκαδικόν
696 3536 859 3607 Λύκαιον.
888 3541 935 3606 Os
945 3544 1066 3609 Μακε·
