2318 3892
390 200 615 264 ΕΒΔΟΜΟΝ.
920 200 979 262 251

392 364 417 419 7.
436 366 617 420 ΑΡΠΑΓΟΣ.

88 469 277 562 Ἅρπαγος,
299 472 478 564 ἐπιστολὴν
498 474 604 569 Κύρφ
618 473 736 564 κρύφα
748 476 890 563 πέμπων
903 473 979 547 ἀνέ-

43 582 114 662 ηισε
128 574 264 663 -λαγύν,
292 575 410 647 καὶτὰ
435 575 611 666 γράμματα
638 583 739 647 ἔνδον
765 578 981 665 κατακρύψας

43 677 125 749 άλιν
134 671 237 758 αὖθις
249 679 459 768 σουέρραυε,
475 682 530 748 καὶ
544 685 591 771 τῷ
600 688 767 767 κομίζοντι
780 688 856 751 λίνα
869 691 978 768 θηρα-
1051 722 1055 729 ·

43 778 96 851 ικά
109 783 314 871 περιέθηκεν
327 832 337 868 ,
351 786 407 852 ἵνα
421 782 512 872 λύθη
525 780 603 862 τούς
618 783 771 871 φύλακας
788 788 858 853 τοῖν
878 778 979 854 ὁδῶν.

391 959 418 1018 8.
435 963 608 1015 ΚΡΟΙΣΟΣ.

95 1092 258 1177 Κροῖσος,
286 1090 356 1156 τῶν
379 1082 548 1175 Ἐλλήνων
574 1084 759 1175 συμμάχων
788 1087 977 1178 βραδυνόν-
998 1110 1012 1161 1

43 1214 107 1276 ον,
133 1187 212 1268 τούς
231 1187 468 1276 ἰσχυροτάτους
490 1190 546 1256 καὶ
573 1197 748 1277 μεγίστους
766 1215 836 1260 των
855 1196 981 1261 Λυδάν

43 1298 219 1380 Εληνικοίς
239 1287 354 1370 οπλοις
375 1289 634 1384 κατεσκεύασεν·
663 1294 697 1360 οί
721 1290 759 1360 δὲ
779 1297 840 1362 τοῦ
860 1292 979 1384 Κύρου

43 1420 217 1480 τρατιωται
228 1422 266 1463 το
286 1391 391 1481 ἀηθες
406 1421 465 1482 της
485 1380 682 1482 Ἑλληνικῆς
697 1388 861 1475 ὁπλίσεως
880 1423 978 1466 κατε-

43 1494 203 1585 λάγησαν.
238 1493 338 1565 Ἀλλά
358 1524 424 1584 μην
442 1497 499 1565 καὶ
515 1503 583 1565 τῶν
598 1494 749 1583 δοράτων
763 1500 980 1588 κρουομένων

43 1596 100 1687 ρός
115 1596 174 1678 τάς
194 1594 262 1668 ἀσπ
264 1594 372 1678 ίδας
357 1625 375 1667 ο
397 1597 507 1685 ψόφος
526 1596 604 1678 τούς
626 1599 759 1684 Πέρσας
781 1596 976 1687 ἐτάραττεν·

48 1726 91 1788 με
102 1727 170 1788 μην
184 1697 272 1790 αύγη
284 1705 354 1769 τῶν
367 1699 556 1787 ἐπιχάλκων
569 1697 768 1769 ἀσπίδων
732 1727 790 1779 τας
804 1697 898 1824 οφεις
910 1706 979 1771 τάν

43 1807 226 1893 λερσικων”
210 1828 325 1873 ιππων
340 1799 560 1891 ἀπέστρεφεν.
581 1799 683 1870 Ὥδτε
696 1798 839 1890 Κύρος“
822 1806 979 1893 ηττηίλελς

43 1909 121 1995 miv
132 1911 250 1994 μηνῶν
264 1903 410 1985 σπονδάς
425 1929 507 1992 προς
520 1912 669 1993 Κροίσου
682 1905 869 1992 ἐποιήσατο.

90 2014 234 2096 Κροῖσος
247 2004 404 2096 ηττηθεὶς
418 2008 495 2097 περὶ
509 2003 788 2078 Καππαδοκίαν
768 2007 835 2077 υπὸ
848 2008 977 2098 Κύρου,
996 2028 1012 2079 2

43 2110 219 2199 ιυλόμενος
245 2107 434 2197 ἀποδράναι
459 2112 639 2235 προσέτριξε
664 2124 733 2189 τοῖς
751 2111 977 2198 στρατιώταις,

43 2211 97 2282 ιλα
111 2211 217 2283 πολλά
231 2218 387 2300 κομίζειν.
423 2219 538 2309 Ταῦτα
549 2212 653 2301 νήσας
667 2214 773 2281 ἐπὶ
732 2238 790 2298 της
804 2210 886 2284 ὁδού
900 2234 975 2284 στε-

43 2343 73 2404 ης
87 2313 208 2402 ούσης,
223 2313 370 2396 ἐπεὶξ
310 2318 370 2396 νυξ
384 2307 437 2404 ἦν,
448 2312 547 2394 αὐτὸς
561 2312 673 2402 μὲν
636 2343 699 2402 την
713 2312 861 2403 δύναμιν
874 2311 1004 2398 ὑπεξ-

43 2444 75 2486 νε
103 2423 238 2506 σπουδῇ
269 2421 392 2507 πολλῇ,
422 2422 533 2498 ίππείς
564 2417 601 2486 δέ
627 2414 725 2496 τούς
732 2417 978 2506 ἐλαφροτάτους

43 2523 224 2606 ιτέλιπεν,
235 2515 531 2607 ὑπαυμαζούσης”
511 2546 555 2588 εω
570 2546 631 2606 την
645 2515 732 2606 ύλην
745 2519 975 2614 καταπρήσον-

43 2651 81 2704 ις.
119 2630 263 2712 Κροῖσος
282 2621 344 2710 μὲν
366 2619 407 2709 δὴ
422 2627 462 2713 τῇ
476 2624 570 2709 φυγῇ
584 2624 768 2711 προέλαβε·
802 2627 914 2712 Κύρος
940 2620 977 2690 δέ

43 2724 78 2796 τὸ
91 2729 151 2814 τῆς
164 2723 288 2812 φλογὸς
310 2722 446 2793 διάκειυ
460 2721 635 2793 ἐκωλύετο.

368 2902 396 2961 ⁰.
412 2904 627 2957 ΚΔΜΒΤΣΗΣ.

86 3028 272 3120 Καμβύσης
281 3028 474 3118 Πηλούσιον
483 3027 679 3118 ἐπολιόρκει.
702 3025 883 3113 Αἰγύπτιοι
895 3053 977 3114 καρ-

43 3129 364 3224 ιρύςάνθίσταυτο,
391 3127 625 3212 ἀποκλείοντες
644 3135 702 3218 τῆς
723 3126 899 3215 Αίγύπτου
920 3125 979 3208 τάς

43 3233 171 3326 βολάς,
193 3237 250 3304 καὶ
269 3231 376 3304 πολλά
397 3233 622 3322 προσάγοντες
641 3230 858 3322 μηχανήματα
878 3227 977 3320 ἠφίε-

43 3369 76 3410 ιυ
94 3340 303 3416 καταπέλτας
326 3334 511 3424 ὀξυβελεῖς,
543 3338 684 3424 πέτρους
698 3335 754 3403 καὶ
774 3337 853 3423 πύρ.
879 3341 976 3420 Καμ-
1085 3380 1093 3389 κ

43 3495 241 3508 m

80 3569 151 3638 cap.
171 3569 197 3620 ι.
233 3567 336 3622 Herod.
356 3567 386 3631 1,
402 3566 463 3631 ιω.
501 3635 502 3638 ρ
537 3608 552 3623 ..
