2318 3892
458 186 608 249 ΕΚΤΟΝ.
956 186 1016 275 241
1092 144 1095 151 ’

55 364 193 445 Ἐφεσον
211 351 278 425 ὑπό
305 359 501 446 Περδίκκου
515 357 756 446 κατεπέμφθη,
771 357 1017 446 κριθησόμενος

55 458 138 529 ιατόι
153 455 231 538 τούς
244 457 379 546 νόμους.
411 456 633 548 Ἀναξαγόρας
656 461 694 530 δέ
714 462 770 529 καὶ
790 460 921 549 Κόδρος
943 461 1015 530 διό-

55 588 175 648 ιαντες
199 566 246 641 είς
260 559 406 650 Ἀθήνας
428 562 626 650 ἐσώθησαν·
653 562 715 651 τὴν
736 565 772 633 δὲ
796 560 1016 652 Ἀλεξάνδρου

55 660 217 750 τελευτὴν
240 661 459 750 ἀκούσαντες,
480 663 684 752 είςἝφεσον
703 666 948 746 ἐπανελθόντες
962 668 1016 735 καὶ

55 765 113 838 τόν
126 763 280 853 ἀδελφόν
297 767 476 874 Διόδωρον
492 765 675 837 ἇνέσωσαν.

406 945 448 999 50.
465 949 663 1001 ΠΙΝΔΑΡΟΣ.

131 1060 282 1142 Κροίσου
316 1059 377 1123 τοῦ
411 1060 530 1123 Λυδού
570 1061 828 1142 πολιορκοῦντος
860 1053 1015 1143 Ἔφεσον,

55 1155 173 1244 ἐπειδὴ
187 1162 255 1226 τών
268 1155 410 1245 πύργων
426 1185 493 1243 τις,
516 1153 534 1225 ό
553 1157 718 1246 προδότης
739 1160 894 1244 κληθεὶς,
919 1165 1017 1227 ἔπεσε

55 1255 110 1329 καὶ
126 1257 166 1329 τό
182 1257 294 1328 δεινόν
310 1264 367 1347 τῆς
383 1255 539 1341 ἁλώσεως
553 1262 590 1328 ἐν
602 1257 793 1347 ὀφθαλμοῖς
803 1251 864 1348 ἦν,
886 1265 1017 1346 Πίνδαῂ

55 1388 113 1451 ρος
142 1357 160 1429 6
185 1361 404 1450 τυραννεύων
437 1367 495 1450 τῆς
522 1363 650 1441 πόλεως
677 1362 924 1450 συνεβούλευσε
949 1375 1019 1441 τοϊς

55 1465 215 1553 Ἐφεσίοις
238 1467 274 1533 ἐκ
298 1470 367 1532 τών
388 1469 506 1533 πυλών
530 1466 585 1533 καί
604 1469 673 1532 τών
703 1470 825 1551 τειχών
845 1463 1019 1552 θώμιγγος

55 1566 205 1649 συνάψαι
229 1581 298 1647 τοῖς
318 1573 404 1635 κίοσι
424 1573 484 1636 τοῦ
500 1571 593 1655 ίεροό
613 1570 671 1653 τῆς
681 1563 885 1653 Ἀρτέμιδος,
904 1563 1018 1652 ὥσπερ

56 1665 278 1748 ἀνατιθέντας
297 1674 337 1756 τῇ
355 1674 427 1762 θεῷ
445 1667 507 1756 την
530 1668 640 1738 πόλιν.
674 1675 817 1753 Κροῖσος
835 1672 942 1753 τιμών
955 1664 1018 1754 τὴν

58 1770 142 1841 θεόν
164 1775 320 1859 ἐφείσατο
339 1775 399 1858 τῆς
418 1770 546 1850 πόλεως
575 1765 687 1857 ώσπερ
708 1767 941 1859 ἀναθήματος,
961 1768 1018 1836 καλ

61 1872 141 1962 πρός
159 1872 238 1953 τούς
253 1871 426 1961 Ἐφεσίους
445 1875 498 1942 ἐπὶ
517 1875 699 1964 ἐλευθερίη
725 1872 899 1960 συνθήκας
924 1873 1017 1940 ἐποι-

60 1973 168 2064 ἥσατο.

95 2134 99 2139 ’
435 2135 627 2210 51.ΘΗΡΩΝ.

134 2245 257 2372 Θηρων
275 2241 532 2333 Ἀκραγαντῖνος
558 2242 824 2333 δορυφόρους
789 2273 852 2331 μεν
873 2249 959 2330 ἔχων
980 2245 1019 2312 ἐν

67 2342 234 2443 όπορρηιφ
255 2334 607 2437 παρεσκευασμένόυς,
626 2346 803 2466 χρήματων
822 2346 860 2415 δὲ
883 2343 946 2414 ούκ
961 2341 1017 2413 εύ-
1062 2336 1066 2344 ’

67 2458 172 2542 πορών
199 2447 283 2542 πρός
309 2449 367 2530 τός
394 2455 632 2539 μισθοδοσίας,
658 2453 715 2536 τῆς
744 2446 871 2528 πόλεως
892 2444 1020 2537 Ἀθηνηῖ

65 2558 292 2653 μεγαλοπρεπη
316 2550 401 2622 ναόν
421 2550 633 2640 ἐγειρούσης,
663 2547 779 2637 ἐπειδη
806 2549 847 2617 τόι
869 2548 1019 2637 χρήματα

65 2655 95 2723 ἐν
112 2672 185 2741 ταῖς
206 2660 376 2745 ἐργασίαις
399 2657 629 2738 διεκεκλεπτο,
651 2657 785 2720 ἔπεισεν
805 2649 937 2737 ἀθρόαν
962 2656 1017 2719 ἐκ·

65 2752 150 2830 δοσιν
164 2758 370 2848 ποιησασθαι
382 2763 442 2827 τού
456 2754 535 2844 νεώ,
549 2756 606 2824 καὶ
619 2757 768 2842 λαβεῖνέ
768 2752 914 2878 γγυητόις
928 2749 1018 2836 νἰξιο-

60 2864 190 2953 κρέονς,
211 2857 392 2948 καλίορίσαι
406 2865 634 2949 προθεσμίαν,
657 2847 730 2926 ἐν
708 2885 729 2945 η
745 2883 781 2924 το
771 2853 888 2946 ίερδν
899 2876 1018 2926 συντε-

62 2965 268 3055 λεσθησεται.
290 2960 428 3046 ’Ἐδοξεν
448 2959 559 3052 όρθώς
571 2963 700 3048 λέγειν,
720 2956 812 3048 καὶη
834 2958 930 3037 πόλις
944 2983 1018 3025 πει-

57 3079 188 3171 σθείσα
185 3065 229 3136 τό
248 3066 349 3155 ἔργον
363 3067 536 3161 ἐξέδωκεν.
555 3061 790 3152 Ήργολαβειτο
805 3059 932 3147 Γόργος
950 3057 1019 3147 Θη-

55 3164 174 3256 ρωνος.
193 3166 284 3239 Ἐπεὶ
299 3167 383 3239 δὲ
350 3197 387 3238 το
400 3196 458 3257 της
472 3163 634 3291 πόλεως’
614 3160 776 3254 αργύριον
790 3169 927 3249 ἔλαβεν,
943 3159 1040 3256 οὔτε,

55 3276 212 3354 τέκτονας
225 3269 304 3341 ούτε
316 3266 539 3353 λιθοξόους”
498 3297 575 3340 οντε
583 3266 704 3346 ἄλλους
716 3261 940 3354 δημιουργούς
949 3267 1020 3352 ἐμι-

55 3374 229 3463 σθώσατο,
251 3372 335 3444 όιλλόι
356 3371 440 3443 κατὰ
460 3401 517 3462 της
531 3372 653 3460 δούσης
669 3367 797 3448 πόλεως
811 3365 937 3458 μισθόν
950 3379 1021 3446 τοῖς

124 3559 195 3625 (λιιι.
212 3557 256 3611 50.
273 3554 336 3612 ’·ολ.
355 3555 461 3608 Αελίειι.
476 3568 536 3608 var.
553 3553 619 3608 hist.
638 3552 669 3618 3,
688 3551 731 3604 26.

102 3660 237 3698 Pomm
256 3657 353 3696 εειεεε.
831 3635 869 3698 16
