2318 3892
465 192 646 255 ΟΓΔΟΟΝ.
973 191 1036 256 289

70 361 304 452 συμβαλόντες
330 363 411 432 δέκα
432 362 570 455 μυριάσι
591 369 661 434 τών
680 369 850 454 πολεμίων
872 365 950 448 τούς
972 366 1035 455 μὲν

73 472 245 552 ἔκτειναν,
259 463 337 546 τούς
351 466 388 535 δὲ
401 470 524 549 ζώυτας
538 472 672 555 ἔλαβον.

150 568 284 657 Μάριος
308 568 446 638 Τεύτοσι
466 570 521 637 καλ
535 575 713 658 Κιμβρίοις
734 570 867 657 μέλλων
883 568 1070 657 συμβάλῖ

73 678 147 739 λειυ
172 674 208 739 έν
222 667 405 759 ὑπωρείαις
419 668 607 760 ἀνωμάλοις
624 672 829 761 Μάρκελλον
844 669 901 741 διά
916 670 1036 753 νυκτὸς

55 774 246 859 .έκέλευσε,
271 780 480 864 τρισχιλίους
503 770 640 854 ὁπλίτας
659 772 802 861 άγοντα,
825 771 874 843 δι’
902 771 1037 862 ἀβάτων

74 870 165 965 ὀρών
184 876 408 960 περιελθόντα
430 875 513 945 κατά
534 877 643 946 νώτου
662 882 920 966 τώυπολεμίωυ
939 878 1035 964 γενέ-

73 989 168 1046 σθαι.
197 975 285 1046 Ἐπεὶ
300 979 336 1047 δὲ
351 980 535 1067 συνέβαλε,
555 978 774 1068 παράγγελμα
787 995 857 1059 τοῖς
874 977 1036 1071 στρατιώ-

73 1105 146 1160 ταις
159 1085 302 1166 ἔδωκεν,
326 1084 363 1149 ἐκ
376 1086 445 1151 τών
459 1078 647 1169 ἀνωμάλων
663 1079 769 1171 ἠρέμα
782 1078 983 1170 ὑποβαίνειν
1004 1085 1037 1160 ἐς

72 1179 109 1250 τό
125 1188 261 1268 πεδίον,
285 1180 374 1262 ὅπως
388 1188 421 1251 οί
433 1186 602 1271 πολέμιοι,
629 1184 771 1271 φεύγειν
784 1181 908 1263 αύτούς
923 1183 1036 1271 οἰόμε-

55 1311 126 1354 ινοι
135 1336 145 1370 ,
167 1284 305 1355 διώκειν
325 1288 507 1374 ἐγχειροῖεν
520 1288 575 1355 καὶ
589 1282 695 1367 οὕτως
716 1289 749 1365 ές
762 1283 800 1355 τὸ
817 1282 942 1374 ὁμαλὸν
957 1313 1036 1356 κατ-

70 1386 220 1457 έλθοιεύ.
259 1384 316 1466 Ὡς
338 1388 376 1456 δὲ
400 1386 695 1476 κατῆλθου,,καοά
716 1387 898 1478 προσώπου
923 1387 985 1476 μδυ
1006 1391 1041 1455 οί

69 1491 153 1578 περὶ
171 1488 232 1559 τὸν
245 1489 399 1579 Μάριον,
418 1489 503 1559 κατά
520 1489 630 1559 νώτου
652 1489 690 1559 δὲ
712 1495 747 1559 ολ
764 1490 841 1579 περὶ
861 1487 921 1559 τὸν
935 1488 1036 1579 Μάρ-

66 1600 197 1662 κελλον
217 1592 440 1683 συρράξαντες
464 1592 654 1681 κατέκοψαν
678 1589 756 1672 τούς
782 1598 961 1679 πολεμίους
981 1591 1038 1660 καὶ

66 1700 176 1783 νίκην
195 1694 431 1784 λαμπροτάτην
444 1697 613 1783 ἐνίκησαν.
802 1756 803 1760 ,

152 1797 304 1886 Μάριος,
329 1801 517 1928 Κιμβρίοις
554 1793 737 1884 συμβαλών
768 1791 834 1864 ἀπὸ
859 1799 1072 1883 χειμερίωνὸ

64 1898 188 1970 τόπων
202 1895 417 1988 ὁρμωμένοις,
431 1895 591 1987 ἠπίστατο
607 1897 709 1988 κρύος
721 1896 783 1986 μὲν
796 1897 853 1967 καί
866 1899 962 1984 χιόνα
975 1898 1037 1984 φέ-

67 2029 151 2094 ρειν
166 2004 395 2090 δυναμένους,
418 2006 530 2090 καῦμα
544 2001 582 2070 δὲ
596 2003 653 2070 καί
670 1997 767 2089 ἥλιον
781 1998 947 2089 ούδαμώς.
975 1991 1039 2068 Ην

67 2106 138 2195 μὲν
153 2103 195 2193 δὴ
208 2103 276 2194 μὴν
290 2103 495 2191 Λύγουστος.
522 2103 656 2194 Μάριος
678 2102 715 2172 δὲ
738 2101 821 2171 κατά
841 2101 951 2173 νώτου
969 2099 1048 2170 τών

69 2213 247 2294 πολεμίων
266 2206 533 2296 προκατελάβετο
555 2213 613 2294 τῆς
636 2205 741 2296 μάχης
761 2203 821 2273 τὸν
844 2204 958 2274 τόπου.
997 2207 1041 2271 Οἱ
1141 2197 1147 2212 ’

71 2309 241 2399 βάρβαροι
274 2309 312 2378 δὲ
339 2311 616 2398 ἐπιστραφέντες,
657 2305 742 2376 κατά
769 2305 953 2395 προσώπου
979 2303 1039 2374 τὸν

68 2411 171 2502 ἥλιον
187 2418 336 2499 έχουτες,
356 2409 630 2497 ἀυτιλάμπουσαν
652 2406 715 2497 τὴν
730 2405 839 2497 αύγὴν
853 2406 894 2477 ού
916 2409 1038 2497 φέρον-

70 2542 148 2600 τες,
174 2510 241 2584 ὑπὸ
266 2520 327 2584 τού
352 2514 508 2592 θάλπους
529 2515 655 2600 ίδρώτα
676 2509 786 2580 πολύν
804 2507 888 2599 μετά
905 2507 1040 2596 ἀσθμα-

70 2645 129 2698 τος
155 2613 311 2703 ἀφιέντες
336 2615 414 2695 τούς
440 2617 504 2704 μὲν
539 2609 690 2703 θυρεούς
716 2613 944 2701 προεβάλοντο
975 2607 1040 2701 πρδ

71 2724 144 2789 τών
172 2719 373 2808 προσώπων,
395 2716 458 2805 τὴν
484 2712 595 2804 ἀκμὴν
620 2719 682 2784 τού
721 2710 820 2803 ἡλίου
844 2712 890 2803 μὴ
916 2714 1039 2806 φέρον-

71 2841 147 2903 τες·
169 2819 210 2891 τά
231 2821 269 2890 δέ
295 2818 430 2909 σώματα
459 2816 571 2889 αύτών
592 2817 811 2907 γυμνούμενα
837 2815 1039 2906 τιτρώσκου-

72 2952 130 3004 τες
166 2929 201 2993 οί
220 2920 371 3012 Ῥωμαῖοι
401 2923 600 3006 κατέκοψαν.
653 2926 822 2991 Πίπτουσι
854 2925 923 2988 τών
956 2925 1039 3006 βαρ-

73 3026 194 3118 βάρων
216 3026 401 3107 δωδεκάκις
420 3025 551 3116 μύριοι,
577 3018 771 3093 ἁλίσκονται
792 3025 912 3105 ζώντες
933 3018 1041 3102 ἑξάκις

73 3130 204 3220 μύριοι.

76 3305 307 3318 -n-——nu—

147 3397 215 3462 δεμ.
241 3396 280 3446 10.
317 3397 341 3458 5
362 3395 388 3446 2.
424 3390 735 3443 Ex.P1ut.Mar1020
756 3403 797 3455 sq.

147 3465 215 3532 Gap
235 3465 278 3520 10.
315 3467 340 3527 5.
358 3464 383 3516 3
419 3463 462 3515 Ex
479 3461 551 3515 Plut.
569 3460 659 3514 Mario
676 3461 720 3514 26.

130 3565 260 3606 mmmm
278 3563 373 3602 ευαιν.
851 3538 889 3601 19
