2318 3892
475 183 635 245 TPITON.
983 186 1042 247 115

159 359 308 445 Χαβρίας
332 356 411 445 περὶ
439 355 554 438 Νάξον
572 361 769 446 ναυμαχεῖν,
797 359 929 448 ἐνίκησε
953 368 1076 448 Bon-2

84 463 271 547 δρομιῶυος
285 463 363 547 ἕκτη
378 458 432 527 ἐπὶ
447 461 548 545 δέκα,
564 460 690 548 ταύτην
705 458 768 550 τήν
779 455 906 550 ἡμέραν
926 462 1039 552 ἐπιτή-

84 567 180 630 δειον
188 567 229 652 τῇ
241 567 411 653 ναυμαχία
422 567 554 649 κρίνας,
569 559 620 633 ότι
633 553 744 653 ήνμία
756 568 825 634 τῶν
837 572 1039 655 μυστηρίων.

86 662 186 733 Ούτω
205 667 246 750 γέ
261 691 313 733 τοι
326 665 382 733 καὶ
399 672 620 756 Θεμιστοκλῆς
641 681 709 747 τοῖς
728 669 873 756 Πέρσαις
895 668 1040 756 ἐναυμά-

55 809 57 820 1
82 788 165 893 χησε
180 768 256 857 περὶ
269 775 454 892 Σαλαμίνρ.
483 764 581 838 Ἀλλά
598 771 633 838 ol
651 769 713 856 μέν
725 771 803 860 περὶ
819 771 1042 858 Θεμιστοκλέα

82 871 259 958 σύμμαχον
285 874 382 956 ἔσχον
407 868 468 940 τόν
476 868 627 959 Ἴακχον,
655 874 740 955 [οἰδ
742 872 856 961 έπερί
875 879 1040 962 Χαβρίαν]

82 1000 123 1041 το
110 970 250 1040 “”Αλαδε
263 971 393 1060 μύσται.

163 1081 312 1164 Χαβρίας
338 1078 421 1155 ναῦς
439 1072 637 1156 Λακωνικάς
658 1076 888 1158 κατασκόπους
907 1076 1075 1153 δύδεκα3

82 1176 309 1265 ἐφορμούσας,
336 1174 378 1248 ού
401 1176 469 1268 μήν
486 1181 718 1267 ἐπαναχθῆναι
738 1181 946 1272 θαρρούσας,
968 1184 1038 1264 έξε·

55 1312 61 1340 ι
82 1282 244 1375 καλέσατο
259 1277 347 1350 ούτω
366 1302 453 1362 πως·
487 1278 587 1363 αὐτὸς
607 1279 741 1372 ἀνήχθη
760 1285 862 1354 ναυσὶ
881 1285 1037 1373 δεκαδύο,

80 1382 164 1453 κατά
179 1381 240 1453 δύο
254 1383 366 1466 ζεύξας
379 1385 435 1453 καὶ
447 1381 489 1453 τὰ
501 1389 588 1454 ίστία
600 1390 669 1455 τῶν
682 1392 781 1456 δυοῖν
797 1388 853 1457 έπί
865 1391 942 1475 μιάς
955 1385 1037 1477 άρά-

80 1515 190 1576 μενος.
227 1491 273 1555 Οί
291 1489 443 1575 πολέμιοι
470 1488 799 1579 καταφρονήσαντες,
831 1486 876 1571 ὥς
903 1488 1038 1581 πρὸςὲξ

80 1589 226 1680 τριήρεις
250 1587 345 1660 αὐτοὶ
366 1589 510 1661 δεκαδύο
529 1597 659 1679 ἔχοντες
679 1593 928 1681 ἐπανήχθησαν.
967 1602 1037 1662 Χα-

82 1701 196 1784 βρίας,
215 1694 269 1762 έπὶ
282 1695 384 1763 πλέον
398 1691 510 1762 αὐτῶν
528 1699 589 1763 τοῦ
608 1693 775 1781 πελάγους
788 1693 1038 1783 προελθόντων,

55 1794 238 1866 Βκαθελώυ
262 1794 309 1864 τά·
328 1801 431 1881 ίστία,
457 1793 497 1865 τά
518 1795 629 1885 σκάφη
657 1796 836 1884 διαζεύξας,
857 1798 1038 1886 ἐπέστρεψε

82 1901 135 1968 καὶ
149 1899 207 1979 τὰς
221 1895 371 1986 ήμίσειας
384 1905 452 1968 τοῖν
465 1907 634 1988 πολεμίων
646 1905 769 1988 ἔλαβεν
780 1897 999 1991 αὐτάνδρους.

156 2006 306 2090 Χαβρίας
326 2001 382 2072 διά
398 2007 526 2072 στενων
545 2002 659 2073 τόπων
678 2001 877 2093 ἀναχωρῶν,
904 2002 1037 2093 ὀλίγους
1054 2025 1071 2078 4

78 2109 184 2193 ἔχων,
199 2110 334 2174 πολλῶν
347 2112 516 2196 πολεμίων
529 2107 768 2196 ἐπικειμένων,
791 2105 891 2188 αύτδς
899 2113 961 2235 χής
975 2134 1036 2177 πο-

78 2215 171 2295 ρείας
197 2203 380 2297 ήγούμενος
404 2207 483 2290 τούς
504 2209 646 2296 μάλιστα
670 2207 858 2300 εύριάστους
878 2225 1039 2298 ονραγεῖν

55 2314 212 2394 λέταξεν,
234 2307 323 2392 ὅπως
338 2313 599 2402 προσκειμένους
616 2309 807 2400 άμύνοιντο.
838 2310 961 2393 Οὐδείς
975 2305 1039 2382 οὖν

72 2423 145 2484 τῶν
171 2411 408 2504 ούραγούντων
431 2421 575 2502 ἔφυγεν,
593 2411 635 2484 ού
653 2420 786 2503 τολμῶν
812 2414 871 2484 τὸν
896 2437 1036 2505 στρατη-

71 2517 141 2605 γόν
164 2525 351 2606 παρελθεῖν
376 2513 421 2598 ὡς
439 2518 608 2596 κωλυθεὶς
631 2512 727 2606 ήκαὶ
753 2525 942 2597 κολασθείς.
983 2522 1037 2610 Τῷ

71 2619 218 2709 σχήματι
230 2620 337 2713 τούτω
351 2625 410 2709 τῆς
422 2625 558 2709 πορείας
570 2615 728 2708 ιἰσφαλῶς
739 2619 878 2710 διήγαγε
890 2619 1035 2711 τὸστρα-

71 2725 232 2794 τόπεδον.
927 2809 929 2813 y
1134 2713 1139 2721 ⁸

153 2831 304 2914 Χαβρίας
330 2830 449 2919 Θαμῷ,
474 2829 673 2912 Αἰγυπτίων
692 2832 839 2912 βασιλεῖ,
859 2825 1037 2914 χρημάτων
1055 2837 1071 2886 5

75 2929 262 3017 άποροῦντι
278 2928 543 3016 συνεβούλευσε,
564 2927 642 3008 τούς
656 2929 694 2998 έν
710 2935 751 3018 τῇ
767 2929 858 3020 χάρη
877 2931 1036 3015 κεκτημέ-

74 3060 160 3112 νους
175 3029 295 3120 ίκανήν
308 3028 427 3100 ούσίαν
441 3036 597 3100 κελεύσαι
617 3038 815 3120 παραχρῆμα
836 3037 1039 3117 εἰσενεγκεῖν

74 3133 159 3206 ὅσον
170 3162 221 3214 τις
241 3140 308 3222 έχοι
324 3141 463 3221 χρυσίον
484 3127 505 3220 ή
525 3131 701 3223 άργύριον·
715 3131 858 3256 κομιδήν
873 3133 910 3203 δὲ
923 3130 1037 3212 αὐτοῖς

76 3231 127 3309 ὧν
151 3237 282 3307 διδόασι
300 3240 460 3323 γενέσθαι
475 3232 596 3319 [ἐκ]
550 3264 620 3305 των
638 3236 773 3325 φύρων,
798 3233 856 3315 οὓς
871 3263 932 3306 κατ
937 3234 1036 3316 ’έτος

55 3391 57 3404 ι
78 3340 227 3412 ετέλουν.
256 3338 354 3409 Οὕτω
368 3337 411 3440 δή
424 3337 530 3408 πολλοὶ
542 3342 706 3428 συνελέγη
719 3338 883 3463 χρήματα,
898 3337 1038 3418 οὐδενός

76 3444 315 3533 ἀδικηθέντος,
331 3440 416 3513 ἀλλὰ
430 3442 565 3512 πάντων
579 3440 720 3532 ὕστερον
733 3438 794 3512 ὅσα
808 3440 970 3513 έδωκαν’
953 3467 1034 3512 απο-

77 3547 266 3638 λαβόντων.

768 3707 771 3716 ,
837 3588 935 3722 8*ΙΙ
