2318 3892
458 109 619 168 TPITON.
956 107 1017 168 117

138 286 303 368 Χαβρίας,
337 277 569 367 προσπλεύσας
595 285 738 371 πολεμίᾳ
752 278 864 364 πόλει,
896 278 1017 361 νυκτὸς
1034 301 1057 356 9,

56 381 140 464 τούς
165 379 348 462 πελταστάς
373 381 591 472 ἀπεβίβασεν·
625 382 724 464 αὐτὸς
751 382 805 469 δὲ,
833 379 1018 472 ἀρχομένης

57 489 121 572 ἕω,
145 481 200 555 ε’πὶ
218 485 277 554 τόν
295 487 411 573 λιμένα
430 493 523 556 ἔπλει
541 482 700 575 ἀπωτέρω
712 491 770 575 τῆς
786 485 913 566 πόλεως
924 484 1016 557 όντα.

60 592 109 658 Ol
128 586 166 658 ἐκ
188 593 246 677 τῆς
268 588 395 668 πόλεως
417 587 596 678 ἐξέδραμον
623 589 830 670 κωλύσοντες
850 586 1017 678 ἀποβῆναι

23 689 139 774 ετούς
160 687 197 760 ἐκ
216 697 284 761 των
304 697 407 761 νεῶν·
429 697 464 762 οί
480 692 516 762 δὲ
536 689 573 760 ἐκ
594 699 652 781 τῆς
671 689 808 779 ἐνέδρας
827 695 1016 778 πελτασταὶ,

57 791 205 865 ὄπισθεν
224 792 460 882 ἐπιφανέντες,
487 793 565 875 τούς
590 795 653 881 μέν
673 797 876 884 διέφθειραν
894 791 1017 879 αὐτόν,

59 896 141 978 τούς
152 897 190 967 δὲ
211 903 351 991 ζωνρείμ
372 898 548 987 λαβόντες,
562 903 630 968 τόν
642 903 731 968 νεῶν
745 894 921 986 ἐπιβάντες
933 896 1016 986 ἀνή-

61 1011 201 1089 χεηιαι.

138 1098 315 1192 Χαβρίας’
298 1098 363 1172 από
381 1107 449 1173 τόν
460 1106 652 1172 πελταστων
666 1103 747 1172 δέκα
759 1100 837 1184 τούς
850 1108 1016 1191 δρομικω-
1037 1114 1068 1166 10

61 1305 96 1388 ἐς
111 1307 173 1397 τὴν
185 1313 347 1396 πολεμίαν
363 1305 546 1397 ἀπεβίβασε
558 1311 616 1378 καὶ
630 1318 803 1398 λεηλατεῖν
819 1307 882 1399 τὴν
905 1309 1018 1397 χόραν

63 1408 247 1481 εκέλενσεν
294 1416 338 1480 Ol
359 1408 434 1480 δ”
420 1439 458 1481 εκ
478 1416 536 1513 τῆς
567 1411 711 1498 πόλεως,
740 1409 1017 1501 ἐκβοηθήσαντες,

61 1511 252 1603 ἐπικρατεῖν
265 1540 333 1584 των
349 1493 602 1603 λεηλατόύντων
612 1522 767 1602 ἔμελλον·
782 1542 801 1582 ο
789 1510 855 1584 ’δὲ
868 1513 1018 1601 προῖδύν

61 1645 145 1687 κατα
133 1616 312 1706 σπονδὴν
329 1614 430 1687 ἐπὶ
396 1645 458 1707 την
478 1616 577 1687 πόλιν
592 1622 760 1686 ἔπλειΟ
763 1613 1016 1704 ίδὲεκβοηθή-

10 1730 49 1790 ἒιι
64 1743 197 1805 σαντες,
222 1717 281 1790 τὸν
309 1717 472 1790 επίπλονν
492 1719 620 1800 ίδόντες
642 1716 870 1805 ἐσπούδασαν,
898 1717 1018 1809 ἵναμὴ

10 1830 19 1885 ἓ
60 1823 242 1912 καταλάβοι
255 1821 317 1912 τὴν
330 1822 437 1893 πόλιν.
454 1817 490 1892 ‘0
506 1823 543 1892 δὲ
553 1821 611 1904 τάς
624 1827 706 1903 ναῦς
715 1827 756 1911 τῇ
768 1822 859 1914 χόρμ
872 1844 1016 1911 προσορ-

10 1932 170 2017 Ιμίσας,
184 1924 261 2007 τούς
274 1924 455 2005 πελταστάς
465 1924 569 1995 καί
534 1955 595 2015 την
609 1923 729 1997 λείαν
710 1947 793 2015 οσην
806 1932 928 2015 ἔλαβον
935 1922 1016 1996 ἀνα-

10 2029 176 2119 Ιλαβιόν
198 2032 254 2099 καλ
275 2029 316 2119 δὴ
335 2026 593 2109 ἀποπλεύσας”
566 2058 677 2124 ωχετο.

138 2139 251 2221 Χαβρί
249 2162 288 2214 ας
236 2137 347 2202 ίέν
365 2132 438 2215 Νάξ
422 2137 466 2226 ξω
486 2135 618 2222 μέλλων
636 2148 820 2219 ναυμαχεῖν
834 2127 916 2217 πρὸς
929 2130 1018 2199 Πόλ-
1037 2143 1068 2195 11

10 2230 41 2303 5ο
60 2247 135 2322 λιν,
155 2236 353 2327 παρήγγειλε
367 2250 435 2315 τοῖς
448 2235 667 2325 τριηράρχοις,
682 2233 740 2304 έάν
754 2241 922 2312 ίσοπαλεῖς
935 2231 1018 2302 κατὰ

58 2339 121 2410 τὸν
134 2331 341 2410 κίνδυνον
316 2360 393 2423 ωσι,
413 2336 453 2407 τά
467 2352 586 2426 σημεῖα
605 2343 674 2407 τάν
689 2342 787 2406 ἰδίων
800 2341 889 2405 νεῶν
908 2334 1019 2423 λάθρα

59 2442 286 2528 καθελόντας,
309 2444 435 2511 εἰδέναι
452 2439 511 2520 τὰς
530 2440 710 2528 ἐπισήμους
728 2444 887 2527 πολεμίας
905 2435 1017 2517 ούσας.

56 2545 149 2616 Ἐπεὶ
163 2545 200 2615 δὲ
213 2552 310 2614 τοῦτο
322 2547 468 2632 ἐγένετο,
483 2547 518 2612 οί
529 2543 590 2631 μέν
599 2548 660 2612 τοῦ
672 2539 838 2621 Πόλλιδος
850 2546 1017 2630 κυβερνῆ-

59 2677 116 2718 ται
137 2664 208 2729 ταῖς
230 2649 331 2718 νανσὶ
352 2652 421 2716 τόν
435 2643 627 2734 Ἀθηναίων
646 2641 877 2731 ἀπαντῶντες,
906 2643 961 2714 διά
980 2642 1019 2713 τό

9 2777 48 2828 ει,
60 2749 107 2842 μὴ
125 2757 214 2839 ἔχειν
225 2749 347 2831 αὐτούς
359 2747 396 2819 τό
405 2747 554 2818 Ἀττικόν
574 2764 727 2837 σημεῖον,
741 2745 1020 2838 ’ἀμφιγνοοῦντες

60 2856 260 2943 παρέπλεον.
303 2860 348 2923 OC
372 2853 410 2923 δὲ
433 2858 501 2922 τῶν
519 2850 708 2940 Ἀθηναίων
727 2849 810 2921 κατά
832 2849 870 2920 τὸ
888 2849 1017 2938 παράγ-

61 2966 170 3046 γελμα
191 2963 283 3042 [ταῖς]
306 2955 477 3044 ἐπισήμοις
495 2960 564 3024 τῶν
586 2961 675 3024 νεολν
695 2960 848 3042 ἔφθανον
868 2951 1019 3032 διδόντες

63 3058 177 3142 διττάς
191 3058 340 3148 έμβολάς.
371 3056 415 3128 Τό
429 3060 595 3147 τέχνασμα
606 3063 704 3127 τοῦτο
718 3062 817 3144 νίκην
826 3053 1019 3142 Ἀθηναίοις

63 3171 203 3235 ἔδωκεν.

22 3297 47 3339 ιο
137 3270 251 3354 Χαβρί
248 3290 365 3350 ας,ς
318 3268 350 3332 εί
349 3273 520 3349 ςΑίγιναν
534 3258 655 3340 ννκτός
667 3257 911 3342 καταπλεύσας,
924 3284 1016 3343 τρια·
1037 3273 1070 3325 12

62 3376 198 3449 κοσίονς
211 3366 336 3453 ἀνδρας
351 3376 398 3446 είς
411 3393 485 3434 τινα
498 3364 601 3433 τόπον
615 3360 803 3450 ἐπιτήδειον
814 3358 1021 3449 ἀποβιβάσας

64 3469 163 3556 αὐτὸς
177 3473 418 3562 παρέπλει.ίο
373 3468 588 3559 οί”ὲμνέκ
550 3493 607 3556 της
622 3465 760 3554 πόλεως,
774 3463 1021 3552 ἐπεξελθόντες,
