2318 3892
428 196 660 257 AEYTEPON.
980 196 1020 258 85

10 391 36 430 Ι
65 369 100 439 δέ
110 365 271 457 Ἡραιεῖς,
292 365 503 456 πολλαχόθεν
516 372 650 439 πολλῶν
662 374 857 457 σαλπίγγων
876 367 1021 440 ἀκούου-

10 466 38 534 ἐι
62 499 132 559 τες,
160 469 434 562 περιηχούμενοι,
464 470 574 541 πάντα
603 469 708 560 μεστὰ
730 479 901 561 πολεμίων
934 473 1021 544 εἶναι

60 580 259 664 νομίσαντες
286 575 438 656 ἐξέλιπον
462 573 524 664 τὴν
553 573 668 660 πόλιν,
703 576 760 645 καὶ
785 572 865 665 μεθ’
894 573 1021 666 ἡμέραν

30 703 37 741 ι
60 677 328 767 ἐπρεσβεύσαντο
346 674 428 766 πρός
440 684 597 763 Λιοίταυ,
618 676 824 760 ἱκετεύοντες
837 675 1021 770 ἀπολαβεῖν

10 778 41 847 ,ι
59 780 124 869 τὴν
138 786 297 868 πατρίδα,
321 775 365 861 ὦς
385 786 539 861 είσαύθις
557 777 699 870 ὑπήκοοι
719 780 936 872 γενησόμενοι
952 799 1021 864 τοῖς

10 911 31 949 ι
54 881 210 971 Ἀχαιοῖς.

10 994 26 1054 δι

10 1119 21 1176 λ

10 1223 16 1257 ε
30 1235 33 1240 -
144 1185 335 1277 Τισαμενὸς,
352 1185 489 1276 ἀγωντὸ
502 1187 744 1278 στρατόπεδον,
753 1185 863 1280 ὄρνεις
877 1189 1021 1272 πολλούς

10 1327 14 1335 >’
59 1288 147 1361 ἰδιδν
172 1286 256 1380 ὑπὲρ
281 1289 340 1361 τὸν
366 1290 469 1362 τόπον
490 1295 787 1382 περιπετομένους,
818 1291 859 1363 ού
879 1292 947 1384 μὴν
966 1298 1020 1364 ἐπὶ

10 1425 29 1466 ο
58 1399 121 1483 γῆς
142 1392 326 1479 ίζάυοντας,
346 1400 495 1483 συνῆκεν
517 1390 560 1476 ὡς
578 1396 725 1477 δεδιότες
744 1393 947 1487 ἀνθρώπους
964 1401 1019 1486 ἐγ-

58 1498 274 1585 καθημένους
292 1495 417 1583 ίζάυειγ
435 1494 585 1568 όκνοῖεν’
607 1501 662 1568 καὶ
682 1496 720 1568 τό
738 1505 861 1589 χωρίον
879 1504 1018 1591 ἐρευνη-

58 1599 213 1687 σάμενος,
228 1615 297 1680 τοῖς
311 1601 553 1689 έγκαθημέυοις
562 1602 761 1689 ἐπιθέμενος
768 1604 930 1686 κατέκοψε
942 1602 1020 1684 τούς

59 1700 361 1790 λοχῶνταςἼωυας.

395 1060 437 1117 37.
457 1063 685 1117 ΤΙΣΔΜΕΝΟΣ.

395 1879 439 1935 38.
455 1882 688 1936 ΟΝΟΜΑΡΧΟΣ,

10 2034 39 2076 5
138 2003 337 2096 Ὀνόμαρχος
364 2004 520 2093 Φωκεύς,
555 2010 838 2098 πολιορκουμένης
855 2004 1052 2091 Ἐλατείαςί

57 2105 128 2178 ὑπό
150 2115 325 2198 Βοιωτῶν,
353 2108 415 2201 τὴν
442 2109 588 2199 δύναμιν
614 2110 803 2199 ἐξαγαγών,
829 2109 888 2192 τὰς
913 2111 1022 2194 πύλας

59 2209 325 2302 ἀνοικοδομήσας
332 2264 342 2299 ,
364 2216 465 2284 τέκνα
484 2212 616 2301 μὶυκαὶ
628 2229 790 2301 γυναῖκας
810 2216 866 2284 καὶ
879 2219 1022 2305 μητέρας

59 2322 200 2404 ἔστησεν
208 2318 402 2405 έφεξῆς(καὶ
410 2315 694 2405 πατέρας)·πρόδὲ
703 2315 917 2397 τούτωντούς
925 2312 1019 2388 ὁπλί-

60 2447 120 2498 τας
140 2421 243 2500 ἔταξε.
274 2424 483 2504 Πελοπίδας,
510 2419 625 2498 συνεὶς
645 2418 708 2509 τὴν
726 2417 944 2511 παρασκευὴν
964 2427 1021 2510 τῆς

10 2549 41 2594 ιο
61 2518 222 2601 ἀπονοίας
229 2573 239 2606 ,
261 2517 306 2602 ός
323 2517 554 2611 ἀποθνήσκειν
578 2514 599 2608 ἢ
619 2537 756 2612 κρατεῖν
777 2533 1019 2613 προθυμοῖντο,

62 2623 108 2712 μὴ
124 2622 277 2706 συνάψας
290 2621 400 2713 μύχην
413 2621 635 2711 ἀνεχώρησεν.

139 2723 353 2816 Ὀνόμαρχος,
387 2724 565 2796 Μακεδόσι
597 2724 906 2815 παρατασσόμενος,
945 2725 1054 2817 ὅροςκ

64 2830 239 2920 μηνοειδές
264 2828 348 2900 κατά
368 2829 479 2900 νύτον
499 2825 614 2916 λαβύν
634 2831 690 2898 καλ
709 2844 782 2910 ταῖς
810 2832 1022 2920 ἑκατέρωθεν

63 2948 230 3023 κορυφαῖς
258 2933 510 3024 έγκατακρύφας
539 2933 681 3020 πέτρους
705 2934 761 3002 καὶ
786 2932 1024 3022 πετροβόλους,

20 3071 48 3109 τε
68 3042 193 3125 προῆγε
211 3033 274 3124 τὴν
296 3035 443 3125 δύναμιν
462 3039 496 3116 ές
515 3032 552 3104 τό
564 3031 787 3123 ὑποκείμενου
806 3040 936 3105 πεδίον.
965 3029 1022 3116 Ὡς

65 3141 103 3209 δὲ
117 3145 151 3210 οί
167 3140 366 3218 Μακεδόνες
381 3136 595 3217 ἀντειπόντες
607 3135 885 3229 ἡκροβολίσαντο,
899 3142 934 3207 οί
942 3146 1019 3206 Φιτ-

64 3258 136 3324 κεῖς
149 3241 435 3330 προσεποιήσαυτο
456 3240 598 3330 φεύγειν
619 3243 652 3322 ές
672 3237 713 3309 τά
731 3241 816 3328 μέσα
836 3245 897 3310 τού
910 3237 1020 3330 όρους.

68 3351 114 3416 OC
135 3344 198 3434 μέν
225 3343 267 3435 δὴ
285 3343 485 3428 Μακεδόνες
510 3348 613 3437 θυμῷ
638 3345 695 3412 καὶ
722 3341 816 3433 ῥύμη
844 3342 1023 3424 διώκοντες

66 3451 253 3520 ἐπέκειντο·
268 3454 302 3519 οί
313 3447 350 3517 δέ
364 3444 429 3518 ἀπὸ
442 3453 511 3517 τῶν
524 3451 687 3537 κορυφῶν
698 3444 777 3527 τούς
785 3447 926 3535 πέτρους
939 3446 1022 3535 βύλ-

25 3588 50 3627 30
68 3563 183 3634 λουτες
193 3547 401 3644 συνέτριβον
412 3548 474 3642 τὴν
485 3545 728 3639 Μακεδονικὴν
743 3547 907 3640 φάλαγγα.
942 3550 1023 3621 Τότε
1131 3632 1132 3635 ¹
