2318 3892
72 180 114 244 82
459 179 645 241 ΒΙΒΛΙΟΝ

72 353 147 437 ἑνός
160 362 278 444 φίλου,
296 357 428 424 λευκιόν
442 357 555 424 ἵππων
570 349 738 442 ἐπέβησαν
751 348 883 443 άμφω,
904 356 987 425 καὶτ

73 467 234 546 κεφαλαῖς
259 456 509 547 περιεθηκάτην
526 461 671 546 χρυσοῦς
693 452 858 556 ἀστέρας·
881 461 987 544 καλ,ι

71 561 148 643 κτός
170 559 233 651 ἤδη
266 560 463 652 προϊούσης,
491 556 710 652 ἐπεφάνησαν
734 557 822 629 κατά
849 561 987 652 σάμμετι

73 655 237 754 διάστημα
257 680 326 745 τοῖς
337 669 633 752 Λακεδαιμονίοις,
652 665 714 745 έξω
731 661 869 745 πόλεως
886 665 987 755 μετάη

71 774 198 839 ναικων
225 768 282 837 καὶ
308 773 455 838 παιδίων
480 772 776 855 πανηγυρίζουσιν.
819 775 874 838 Οί
898 769 963 858 μὲν

71 869 292 961 Διοσκούρων
306 868 506 961 ἐπιφάνειαν
519 870 692 959 οἰηθέντες
705 871 906 961 γεγονέναι,
920 899 987 962 πρυ

70 996 135 1045 σαν
166 972 200 1056 ές
221 977 332 1064 μέθην
350 977 405 1059 καί
427 970 554 1063 ἡδονὴν
572 979 727 1043 πλείονα·
749 978 786 1043 οί
804 974 869 1062 δέ,
897 973 987 1047 άπόι

70 1084 185 1149 ἵππων
205 1077 425 1166 καταβάντες,
448 1074 489 1145 τὰ
508 1079 587 1165 ξίφη
609 1074 838 1166 σπασάμενοι,
864 1088 987 1151 πλείστι

69 1179 380 1268 καταφονεύσαντες
420 1176 550 1266 αὐτόν,
586 1181 643 1250 καὶ
679 1177 721 1268 δη
759 1176 987 1270 άφιππεύσαν

70 1312 205 1380 φχοντο.

441 1461 483 1517 32.
508 1466 657 1519 ΚΙΝΕΑΣ.

143 1588 179 1661 ‘0
201 1592 279 1680 περὶ
292 1597 504 1660 Μαντίνειαν
523 1588 616 1678 άγάν
636 1601 707 1671 ίσος
728 1582 772 1680 ἦν
794 1601 967 1684 Θηβαίοις
985 1631 987 1664 2

70 1699 315 1765 Μαντινεῦσιν·
331 1699 470 1783 ἔμελλον
484 1697 518 1762 οί
523 1702 711 1775 Μαντινεῖς
726 1690 987 1787 ἓπικηρυκεάεσλ

70 1798 154 1888 πρὸς
175 1804 343 1887 Θηβαίους
363 1797 440 1885 περὶ
459 1802 591 1883 νεκρῶν
611 1793 824 1888 ἀναιρέσεως.
869 1807 987 1885 Κινέας

66 1901 263 1991 Ἀθηναῖος,
284 1897 458 1986 ἐτεθνήκει
473 1900 511 1969 δέ
529 1895 547 1968 ό
563 1897 709 1988 άόελφός
722 1898 829 1975 αὐτοῦ
842 1907 987 1996 Δημητρ

71 2003 109 2075 έν
132 2010 174 2093 τῇ
195 2002 297 2092 μάχη,
319 1999 401 2091 πρὸς
421 2000 498 2083 τοὺς
517 2006 712 2087 Μαντινέας
731 2011 816 2095 ἔφη,
846 2015 980 2096 μάλλον

69 2106 129 2178 τόν
141 2104 292 2194 άδελφόν
305 2104 435 2194 άταφον
449 2112 632 2195 περιιδεῖν,
659 2103 680 2197 ἢ
698 2123 767 2190 τοίς
785 2119 966 2200 πολεμίοις
979 2141 987 2181 ι

70 2239 133 2280 ταν
146 2207 345 2301 ὁμολογῆσαι
359 2208 562 2297 βούλεσθαι·
578 2213 634 2280 καί
653 2210 716 2301 γάρ
736 2209 796 2282 τόν
808 2210 987 2304 άὸελφόυι

71 2319 170 2383 τοῦτο
197 2312 382 2403 προθύμως
407 2310 612 2399 ἀποθανεῖν,
639 2317 695 2384 ἵνα
723 2311 768 2404 μὴ
791 2326 941 2408 σταθείη
960 2347 987 2403 τη

70 2444 172 2487 παιον
185 2413 258 2486 κατ’
275 2413 380 2485 αὐτοῦ
393 2417 449 2485 καί
462 2413 546 2486 κατά
557 2420 614 2506 τῆς
633 2423 801 2505 πατρίδος.
830 2426 879 2492 Οί
893 2431 987 2493 Manu

70 2536 140 2601 νεῖς
153 2516 357 2599 άκοάσαντες
371 2524 429 2608 τῆς
445 2516 680 2610 ε’τιικηρυκείας
695 2517 944 2612 ἀπετράποντο.

393 2698 434 2753 33.
452 2701 705 2756 ΗΓΗΤΟΡΙΔΗΣ.

149 2824 261 2895 Θάσον
275 2821 494 2913 ἐπολιόρκουν
504 2822 688 2915 Ἀθηναῖοι
724 2829 844 2918 Νόμου
857 2831 987 2922 έκόρωσ

72 2925 206 2997 Θάσιοι·
224 2922 305 3021 “T93
323 2925 489 3015 γράψαντι
506 2935 711 3001 σπείσασθαι
733 2931 818 3024 πρός
831 2930 987 3024 Ἀθηναίι

68 3030 217 3112 θάνατος
230 3027 349 3101 ἔστω.”
378 3027 594 3123 Ἡγητορίδης
615 3034 753 3122 Θάσιος,
774 3031 867 3125 όρων
885 3048 987 3110 πολλο

70 3141 207 3215 πολίτας
239 3132 492 3223 ἀπολλυμένους
532 3143 649 3232 μακρῷ
683 3140 817 3233 πολέμφ
843 3142 902 3211 καί
936 3151 987 3229 λιμ

71 3236 193 3325 βρόχον
207 3244 253 3332 τῷ
268 3238 420 3330 τραχήλῳ
439 3239 648 3329 περιβαλών,
673 3239 707 3322 ἐς
726 3239 910 3332 ἐκκλησίαν
924 3251 987 3315 είσε

69 3338 146 3409 θοόν
162 3335 367 3430 “”Ανδρες”,
394 3348 475 3430 ἔφη,
500 3337 674 3431 “πολίται,
697 3341 769 3433 ἐμοὶ
794 3347 858 3434 μέν
877 3342 925 3428 ὥς
948 3356 987 3436 βο

69 3453 173 3514 λεσθε
187 3445 243 3513 καί
257 3439 301 3524 αἱς
315 3439 396 3535 ὑμίν
409 3449 575 3537 συμφέρει
587 3446 776 3537 χρήσασθε,
798 3447 878 3531 τούς
891 3451 932 3521 δὲ
945 3448 987 3521 ὑπ

66 3549 286 3636 λειπομένους
295 3544 429 3628 πολίτας
441 3549 668 3639 διασώσασθε,
680 3557 728 3648 τῷ
737 3549 987 3649 όμφθανάτφλ
