2318 3892
456 181 684 242 HEMHTON.
992 184 1050 244 175

77 351 336 444 βουλευόμενος
354 349 422 423 ὑπὸ
440 359 510 422 τῶν
531 351 586 423 διά
600 351 677 434 τούς
690 347 831 434 ἁλόντας
845 355 978 446 έχθρύυ
993 383 1048 445 γε·

75 459 257 546 νομένων,
283 458 340 526 καί
360 461 421 525 τού
441 458 590 545 πολέμου
609 461 671 526 τού
691 453 774 547 πρὸς
796 464 1050 548 Καρχηδονίους

76 555 304 648 ἀκμάζοντος,
331 556 489 649 φυλακην
514 564 576 628 τού
603 559 754 648 στόματος
774 559 927 649 αίτήσας,
959 561 1050 651 παρὰ

76 667 145 735 τοῦ
164 661 273 752 δήμου
300 660 432 750 λαβών,
458 660 624 752 τύραννος
651 663 782 749 ἐγένετο
800 671 1050 754 Συρακουσίων

77 767 256 857 μόχπστος·
286 767 343 835 καὶ
372 765 469 854 μέχρι
497 763 608 853 γήρως
633 763 695 854 την
725 762 832 857 άρχην
862 765 1047 856 κατασχόν,

77 869 220 959 προσέτι
234 870 290 938 καὶ
303 873 349 963 τῷ
362 872 425 962 υίῷ
442 869 629 937 κατέλιπεν.

160 969 342 1051 Διονύσιος
360 968 438 1052 τούς
459 967 739 1058 ἐπιβουλεύοντας
759 975 881 1063 φοράν
903 971 1045 1060 μάλιστα
1062 991 1080 1044 3

77 1070 222 1147 πόντων
242 1073 435 1157 ἐσπούδαζε.
475 1079 550 1142 Τῶν
572 1074 678 1155 ξένων
698 1101 747 1154 τις
761 1073 893 1165 περιῄει
906 1072 968 1163 την
982 1073 1043 1145 πό-

77 1185 156 1264 λιν,
182 1174 323 1265 φάσκων
356 1174 457 1265 μόνος
488 1175 659 1246 δύνασθαι
688 1176 821 1260 διδάξαι
853 1177 1043 1266 προμιηνύ·

78 1301 179 1351 σκειν
201 1277 280 1361 τούς
299 1278 589 1368 ἐπιβουλεύοντας.
624 1280 776 1368 Κληθείς
796 1286 843 1362 είς
860 1277 923 1369 τὴν
943 1277 1042 1365 άκρό-

77 1390 199 1468 πολιν,
219 1388 286 1472 ἔφη
310 1380 394 1473 πρὸς
414 1379 473 1451 τόν
486 1382 688 1467 Διονύσιον,
709 1382 815 1471 μόνον
828 1379 932 1453 αύτὸυ
947 1384 1042 1452 διδά-

77 1506 195 1572 σκειν,
213 1489 270 1554 ἵνα
283 1483 329 1574 μὴ
344 1481 476 1574 φανερά
489 1485 620 1572 γένοιτο
634 1490 737 1554 πᾶσιν
753 1482 896 1575 ητέχνη.
924 1494 1041 1557 Μετα-

79 1588 234 1659 στάντων
247 1583 318 1659 ὅσοι
336 1592 510 1677 παρῆσαν,
531 1592 602 1679 ίδίηι
615 1585 698 1676 πρός
711 1585 815 1658 αύτδν
829 1595 908 1676 ἔφη·
919 1584 1040 1679 “’ομο-

79 1687 303 1781 λόχησονότι
329 1688 525 1780 μεμάθηκας
551 1688 613 1779 τὴν
638 1691 759 1778 τέχνην
785 1695 846 1759 τού
872 1692 1040 1778 προγινώ-

55 1814 196 1881 ισκειν,
221 1795 279 1864 καί
305 1791 417 1874 οὐδεὶς
443 1790 679 1881 ἐπιβουλεύειν
705 1798 754 1862 ἔτι
780 1791 968 1882 τολμησει”.
1005 1790 1041 1862 ‘0

82 1899 118 1968 δὲ
139 1893 260 1986 ἡσθεὶς
278 1901 326 1989 τῷ
346 1902 546 1985 σοφίσματι,
565 1894 626 1966 τόν
645 1894 707 1984 μέν
721 1893 906 1986 ἄνθρωπον
921 1895 1043 1987 δώροις

82 2009 244 2090 λαμπροῖς
263 2001 413 2089 ἐτίμησε,
434 1995 517 2088 πρός
539 1998 576 2068 δέ
589 1995 667 2079 τούς
686 1999 973 2089 σωματοφύλακας
986 2002 1042 2071 καὶ

82 2101 157 2184 τούς
170 2101 373 2193 στρατιώτας
385 2096 604 2190 άπήγχειλεν,
620 2097 664 2183 ὡς
677 2100 874 2191 θαυμαστόν
888 2114 939 2191 είη
953 2103 1040 2189 μνά-

82 2227 181 2296 ρισμα
208 2211 278 2276 τύν
302 2204 602 2294 ,ἐπιβουλευόντων
632 2207 882 2294 δεδιδαγμένος.
930 2211 975 2274 Ol
1003 2207 1041 2276 δέ

55 2305 283 2381 λέπίστενσαν
295 2311 352 2379 καί
367 2307 601 2396 ἐπιβουλεύειν
614 2307 763 2397 ἐτόλμων
777 2304 900 2386 ούκέτι.

55 2444 60 2485 ι
152 2410 337 2491 Διονύσιος
365 2408 525 2498 ἀπέπλει,
551 2409 757 2499 καταστήσας
768 2407 946 2500 ’Ἄνδρωνα
973 2411 1075 2497 φύ-4

75 2522 163 2585 λακα
188 2519 246 2604 τῆς
265 2510 477 2603 ἀκροπόλεως
496 2514 640 2583 καὶτῶν
653 2510 846 2602 χρημάτων
860 2509 1040 2603 Ἑρμοκρά-

74 2644 134 2706 της
160 2616 344 2705 παρεκάλει
370 2624 554 2705 συλλαβεῖν
580 2613 672 2710 αύτῷ
691 2613 773 2702 πρὸς
798 2612 836 2686 τό
863 2631 1041 2704 κατασχεῖν

72 2717 290 2811 ἀκροπόλεως
309 2722 367 2789 καλ
387 2725 456 2789 τόν
469 2716 657 2809 χρημάτων.
687 2715 778 2788 Ἐπεί
792 2717 828 2788 δέ
843 2723 929 2799 σύος
942 2723 1039 2791 κατέ-

55 2821 227 2894 Ῑπλενσεν
243 2818 456 2904 όΔιονύσιος
470 2819 543 2910 μετ’
563 2819 677 2909 όλίγας
699 2817 824 2910 ἡμέρας
830 2872 840 2908 ,
857 2819 959 2892 οὐδὲν
973 2849 1038 2892 πυ-

72 2926 224 3016 θόμενος
241 2930 302 2995 τού
321 2923 529 3014 Ἀνδρωνος,
557 2931 622 3012 ἔφη
650 2923 758 2992 πάντα
777 2923 840 3012 μέν
866 2923 1039 2995 πεπύσθαι

73 3054 145 3119 παρ
148 3025 308 3099 ’ἄλλων
328 3024 418 3117 ὅμως
431 3025 468 3096 δὲ
488 3028 545 3096 καί
559 3022 638 3116 παρ’
657 3022 762 3095 αύτου
748 3024 962 3112 βούλεσθαι
975 3055 1037 3116 μα-

73 3143 172 3217 δεῖν,
191 3108 285 3215 τίς
262 3159 307 3220 ην
330 3125 348 3201 δ
373 3128 516 3218 μάλιστα
541 3127 734 3208 σπουδάσας
762 3131 964 3217 έπιπηδησαι
991 3135 1037 3223 τῷ

74 3238 195 3362 καιρῷ.
230 3230 311 3304 Οδ
290 3232 346 3319 δέ,
371 3231 609 3320 ἐξαπατηθεὶς,
630 3227 824 3319 ὡμολόγησε
846 3228 907 3300 τόν
921 3199 1036 3321 Ερμό-
1143 3270 1147 3275 ·

55 3338 218 3427 ’κρύτηκ
256 3333 438 3416 Διονύσιος
464 3333 524 3405 τόν
551 3334 613 3423 μέν
630 3331 809 3422 ’Ἄνδρωνα
835 3335 1038 3423 προσέταξεν

72 3437 309 3529 ἀναιρεθῆναι,
317 3435 369 3509 ότι
379 3435 485 3517 εὐθύς
495 3434 587 3531 αύτῷ
600 3435 867 3506 καταπλεύσαντι
881 3435 926 3525 μὴ
940 3443 1038 3509 τοῦτο

73 3540 239 3633 ἐμήνυσε·
273 3538 335 3613 τόν
372 3541 410 3611 δέ
441 3536 666 3631 Ἑρμοκράτην
698 3541 896 3631 καθεῖρξεν,
929 3537 1038 3633 άνδρα
