2318 3892
473 207 625 271 οιτον.
789 158 793 171 “
980 205 1042 268 229

73 382 131 451 καλ
143 378 350 468 στρογγύλαι
365 383 443 468 νήες
457 376 610 469 ῦρμουν·
626 382 680 450 ἐπί
694 384 754 449 τοῦ
768 379 929 467 στόματος
942 376 1041 450 ῦλλαι

74 482 349 575 παρεφύλασσον.
375 478 410 551 ‘0
425 482 607 571 στρατηγός
620 489 688 553 νῦν
701 488 947 570 Καρχηδονίων
964 481 1038 571 ῦρι-

73 606 136 657 στα
157 586 324 674 πλεούσης
349 583 434 666 νειὸς
455 583 514 654 τόν
532 585 734 674 τριήραρχον
753 589 913 669 καλέσας,
934 606 1037 674 προσ-

73 690 192 771 έταξεν
201 685 293 782 αύτῷ
306 685 395 775 παρά
405 685 464 757 τόν
473 689 590 776 λιμένα
599 697 696 757 πλείν
706 692 875 775 ἐγγίζοντα
888 693 950 757 τοῦ
963 688 1038 757 στό-

55 814 193 881 ιματος,
225 796 258 859 εί
287 791 325 859 δὲ
350 795 385 859 ολ
415 793 567 877 πολέμιοι
600 790 778 870 διώκοντες
804 793 1040 876 ἐπαναχδείεν,

72 889 304 987 φεύγειν-ἅνω
319 891 494 980 πελάγους.
510 888 545 961 ‘0
559 891 622 980 μὲν
636 892 832 981 τριήραρχος
846 895 981 975 ἐπέλαζε
993 898 1041 986 τῷ

72 994 230 1084 στόματι·
257 999 292 1063 ολ
310 995 348 1064 δὲ
375 999 580 1083 κυβερνήται
600 999 669 1063 τῶν
696 999 919 1085 ἐφορμουσῦν
939 1000 1039 1081 νεῦν,

70 1092 304 1184 ὑπολαβόντες
330 1096 418 1167 εἶναι
444 1097 656 1166 κατάσκοπον
683 1096 746 1186 τήν
767 1102 870 1184 ναῦν,
898 1100 1040 1167 ἐδίωκον

70 1198 161 1271 κατὰ
172 1199 303 1287 κράτος.
326 1197 384 1280 Ὡς
400 1199 437 1268 δὲ
456 1198 589 1287 μακράν
607 1195 874 1289 ἀπεσπάσθησαν
888 1197 962 1288 άχρι
979 1226 1038 1270 πε-

55 1332 57 1351 *
73 1301 202 1391 λάγους
216 1299 412 1388 διόκοντες,
433 1306 467 1370 οί
483 1297 711 1390 Καρχηδόνιοι
726 1318 795 1384 τοῖς
816 1312 944 1383 λοιποῖς
957 1303 1038 1372 σκά·

71 1424 154 1494 φεσι
167 1409 300 1493 σπουδῇ
312 1404 517 1485 πλεύσαντες
531 1408 584 1474 ἐπὶ
599 1402 658 1473 τόν
672 1409 790 1494 λιμένα
800 1404 857 1484 τάς
870 1404 933 1491 μέν
946 1404 1039 1495 τριή-

72 1534 145 1597 ρεις
168 1504 270 1586 κενάς
296 1504 399 1587 οῦσας
419 1509 624 1598 ἐνέπρησαν,
651 1513 721 1577 νῦν
740 1508 779 1577 δὲ
803 1503 960 1577 ὁλκάδων
981 1505 1040 1587 τάς

72 1615 233 1690 πλείστας
247 1612 454 1692 ἐξείλκυσαν.

83 1742 87 1749 ’
151 1711 377 1800 Καρχηδόνιοι
391 1704 1038 1799 περλΣικελίανμαδόυτες,ότιῬωμαίοι
1057 1737 1073 1788 5

55 1862 59 1882 .
72 1818 160 1894 ναῦς
175 1820 332 1893 πλείονας
351 1811 463 1882 αύτῦν
477 1818 601 1900 ἐχοιευ,
625 1811 827 1899 βουλόμενοι
841 1812 964 1890 ταύτας
980 1836 1038 1880 πε-

74 1915 237 2006 ρισπάσαι
257 1924 417 1985 πείθουσι
431 1921 500 1983 τῦν
514 1920 613 1983 ίδίων
627 1919 775 1983 πολιτῦυ
786 1911 881 1995 τινάς
895 1909 1038 2002 αύτομό-

74 2027 157 2099 λονς
188 2019 367 2106 γενέσθαι,
404 2024 438 2086 οἳ
463 2014 546 2104 πρὸς
572 2014 631 2086 τόν
654 2011 824 2104 Ῥωμαίων
852 2016 1039 2105 στρατηγόν

74 2128 204 2191 Γναίου
215 2118 407 2209 Κορνήλιον
422 2117 579 2199 ἐλθόντες
592 2114 793 2206 ὑπέσχοντο,
807 2120 965 2206 Λιπάραν
977 2118 1039 2208 τήν

72 2228 198 2312 νῆσον,
216 2220 280 2312 τήν
293 2223 517 2310 προκειμένην
530 2227 588 2310 τής
601 2227 777 2306 Σικελίας,
799 2218 891 2313 αῦτχῦ
904 2220 1038 2308 προδοό·

55 2344 160 2395 ισειυ.
191 2320 226 2394 ‘0
247 2325 309 2413 μὲν
326 2324 368 2413 δή
382 2323 576 2409 πιστεύσας,
597 2321 638 2391 τά
650 2318 752 2411 ήμίση
773 2322 885 2410 σκάφη
905 2323 1039 2409 πληροό-

72 2448 135 2508 σας
141 2430 368 2497 κατέπλευσεν
382 2430 415 2507 ές
422 2424 589 2510 Λιπάραν.
602 2424 828 2513 Καρχηδόνιοι
842 2424 880 2492 δὲ
895 2427 1037 2513 ἐπαναχ-

72 2527 1038 2616 θέντες*τῶνῬωμαίκῦννεῦνπαρωρμίσαυτο[καὶ]πρε-

74 2630 220 2722 σβευτάς
233 2631 315 2720 πρός
328 2629 387 2700 τόν
400 2629 591 2718 Κορνήλιον
605 2634 776 2715 ἔπεμψαν,
791 2637 826 2698 οἳ
837 2627 896 2697 τὸν
909 2625 1040 2698 ῦπατον

74 2733 342 2818 ἐξικετεύσανιες
351 2733 692 2822 είρήνηνσπείσαυτες
707 2732 761 2799 καί
770 2729 912 2819 [ὅρκους]
924 2731 1040 2811 δόντες

55 2868 60 2908 ι
76 2837 270 2927 ἐδεήθησαν
284 2844 331 2917 είς
339 2834 376 2905 τό
394 2835 521 2923 σκάφος
529 2831 641 2904 αῦτῦν
654 2839 849 2923 μεταβῆναι,
868 2840 928 2902 τοῦ
942 2842 1036 2921 Καρ-

75 2945 246 3030 χηδονίων
259 2944 447 3027 στρατηγοῦ
462 2943 613 3025 χαλεπῶς
626 2943 817 3021 νοσοῦντος,
826 2933 916 3016 ὅπως
930 2933 980 3023 ἐφ’
989 2931 1039 3015 οἷς

76 3048 134 3114 ost
149 3041 215 3133 τήν
236 3041 374 3130 είρήνην
387 3038 637 3128 ἀσφαλέστερον
655 3050 848 3108 συνθοῖντο.
877 3038 1040 3118 Πεισθεὶς

76 3141 266 3235 όῬωμαίος
286 3145 408 3232 μετέβη
427 3140 508 3229 πρὸς
521 3139 581 3211 τόν
599 3141 849 3230 Καρχηδόνιον·
869 3144 905 3209 οί
923 3140 962 3210 δὲ
975 3146 1037 3217 Λί-

77 3255 159 3336 βυες
173 3250 344 3337 ἐγκρατεῖς
363 3242 468 3314 αὐτοῦ
481 3245 674 3332 γενόμενοι,
697 3258 769 3323 ταῖς
782 3241 903 3324 πάσαις
916 3243 1039 3313 ναυσίν

55 3377 63 3417 ι
77 3353 273 3442 ἐπιθέμενοι
286 3351 411 3442 ῥαδίως
425 3346 620 3437 ἐκράτησαν.
