2318 3892
423 187 577 248 ΕΚΤΟΝ.
925 187 985 248 221

45 363 304 448 λκροκορίνθου,
325 354 517 447 ὡμολόγησε
530 357 620 448 παρά
634 356 671 427 τὸ
686 364 881 447 κρημνῶδες
895 356 989 429 ἐντο-

45 459 93 550 ὴν
110 461 295 550 ἑωρακέναι
309 469 473 548 πλαγίαν,
493 451 515 553 ή
528 460 705 550 χθαμαλὸν
718 464 774 531 καὶ
789 458 989 550 εὐεπίβατον

46 563 116 635 ἶναι
134 561 175 633 τὸ
202 577 319 651 τεῖχος.
359 560 395 632 ‘0
416 572 610 654 τραπεζίτης
636 562 834 654 ἀνήγγειλεν
851 563 987 659 Ἀράτῳ.

45 674 59 736 λ
81 665 139 754 δὲ,
159 671 266 755 πολλή
287 672 420 759 σπουδή
437 665 659 757 τδυἘργϊνον
673 668 988 756 φιλοποιησάμενος,

45 776 224 841 ίυντίδεται
248 770 394 840 τάλαντα
415 771 572 859 ἑξήκοντα
600 770 792 857 δύσειν,ἐί
813 768 860 840 δι’
883 767 988 839 αύτού

45 869 504 963 ιρατήσειενἏκροκορίνθου.
524 871 672 960 Ἐργῖνος
684 870 893 961 ὑπισχνεῖται
907 872 989 963 μετά

45 978 94 1046 τάν
106 972 268 1061 ἀδελφῶν
283 982 381 1045 τούτο
401 980 532 1064 πρᾶξαι.
563 968 701 1064 Ἠνμδν
720 974 762 1064 δή
779 976 886 1046 πάντα
907 974 989 1063 πρὸς

45 1104 87 1169 ην
100 1075 260 1149 ἐπίθεσιν
273 1074 428 1168 εύτρεπή.
448 1077 593 1166 Ἄρατος
612 1080 649 1149 δὲ
662 1078 793 1148 κελεύει
807 1077 870 1169 τήν
883 1075 989 1166 άλλην

45 1178 204 1270 λύναμιν’
190 1207 227 1249 ευ
240 1196 308 1260 τοῖς
321 1179 435 1261 ὅπλοις
450 1179 682 1271 ἐγρηγορέναι
697 1180 796 1262 αύτός
809 1184 847 1252 δὲ
848 1209 987 1307 ,τετρα-

45 1291 162 1371 υσίους
179 1283 323 1371 λογάδας
342 1282 541 1373 ἀναλαβών,
554 1285 688 1372 νύκτωρ
702 1275 763 1373 ήκε
777 1284 859 1373 πρὸς
871 1283 909 1354 τὸ
923 1300 988 1354 τελ-

45 1414 97 1474 ος,
118 1388 246 1455 καλί
191 1393 246 1455 κλί
247 1414 353 1475 μακας
370 1416 417 1481 τῳ
405 1393 593 1481 χθαμαλῷ
610 1385 811 1475 προσβαλύυ
829 1384 989 1475 ὑπερέβη

45 1494 108 1561 ,ὧν
124 1488 164 1559 δέ
178 1495 279 1558 ἔνδον
292 1487 556 1577 αίσδομένων,’
543 1493 675 1577 εγένετο
689 1499 894 1579 νυκτομαχία
907 1518 987 1579 κρα-

45 1588 123 1682 ερδι,
141 1598 201 1680 τής
213 1582 354 1680 σελήνης
366 1591 439 1661 τοτὲ
454 1594 517 1679 μὲν
531 1599 604 1680 φάς
620 1593 827 1680 παρεχούσης
844 1608 913 1673 τοῖς
926 1621 988 1679 μα-

45 1695 195 1785 υμένοις,
222 1694 296 1764 τοτὲ
323 1695 359 1764 δὲ
391 1691 458 1763 ύπδ
477 1693 518 1763 τά
538 1696 625 1784 νέφη
647 1697 828 1782 δυομένης,
854 1697 991 1764 καὶτοῦ

45 1795 168 1875 κύτους
187 1801 363 1874 ποιοῦντος
389 1794 452 1882 τήν
476 1795 585 1883 μάχην
606 1798 851 1885 φοβερωτέραν.
892 1799 991 1876 Τέλος

45 1898 161 1987 [περὶ
185 1894 246 1966 τὸν
263 1895 407 1986 ’Ἄρατον
434 1893 639 1987 ἐκράτησαν,
672 1901 727 1967 καί
755 1896 992 1978 ἀνατέλλοντος

45 2008 126 2072 λίου
142 1998 200 2078 τάς
214 1999 320 2080 πύλας
334 1997 525 2082 ἀνοίξαντες
540 2000 601 2090 τήν
616 2001 738 2090 λοιπήν
761 2002 907 2090 δύναμιν
921 2007 989 2071 είσ-

45 2106 195 2187 δέξαντο.
224 2099 364 2188 ’Ἄρατος
385 2104 423 2172 δὲ
446 2100 624 2193 Ἀρχέλαον
644 2105 706 2192 μὲν
726 2102 850 2174 ἁλόντα
869 2102 991 2193 ἀφῆκε,

45 2205 250 2294 ιεύφραστον
277 2205 315 2274 δὲ
333 2202 468 2276 άνείλεν
495 2206 535 2276 ού
557 2207 765 2296 βουλόμενον
778 2204 988 2277 ἀπαλλάσσε-

45 2321 128 2385 λὶαι·
150 2314 318 2399 Περσαῖος
337 2309 375 2377 δὲ
395 2304 413 2378 δ
433 2308 634 2397 φιλόσοφος,
652 2315 710 2399 τῆς
730 2308 834 2399 άκρας
854 2306 989 2379 ἁλισκο-

45 2415 129 2501 ένης
154 2416 202 2491 είς
224 2409 392 2501 Κεγχρεάς
413 2410 609 2500 διαφυγών,
631 2408 765 2482 ἐκεῖθεν
785 2411 868 2501 πρὸς
883 2409 990 2482 Ἀντί·

45 2543 131 2587 ὀνον
145 2510 257 2610 ᾤχετο.

407 2691 432 2747 δ.
452 2695 612 2746 ΠΤΡΡΟΣ.

103 2819 243 2910 Πύρρος
257 2815 412 2910 ἡττηθεὶς
426 2815 492 2889 ύπδ
504 2815 689 2907 Ῥωμαίων,
709 2817 788 2900 τούς
809 2817 992 2909 ἐλέφαντας
1011 2847 1024 2896 1

45 2921 203 3010 Ιιπολέσας,
220 2920 500 3012 πρόςἉντίγονον
513 2920 803 3012 πρεσβευσάμενος
817 2925 893 3012 περὶ
907 2944 990 3010 συμ-

45 3034 158 3117 ιαχίας,
172 3023 350 3114 άποτυχάν
364 3028 544 3112 προσέταξε
552 3040 621 3106 τοίς
634 3033 855 3114 πρεσβευταῖς
868 3022 991 3094 τάναν·

45 3134 82 3201 fia
99 3127 185 3220 πρὸς
205 3125 354 3208 ἅπαντας
375 3125 567 3216 άγγέλλειν,
595 3125 639 3209 άς
654 3127 844 3214 Ἀντίγονος
865 3128 992 3216 μεγάλη

45 3232 173 3321 δυνάμει
193 3231 380 3321 βοηθήσειν
400 3228 598 3320 ὑπέσχηται·
630 3228 715 3301 άστε
735 3236 767 3301 οί
794 3239 992 3319 Ταραντῖνοι

45 3337 83 3406 ιαλ
96 3333 170 3408 ὅσοι
182 3338 339 3405 Σικελῶν
356 3338 412 3404 καὶ
426 3332 560 3404 Ἰταλῶν
574 3334 756 3422 σύμμαχοι,
781 3333 839 3404 τὸν
853 3334 994 3421 Πύρρον

45 3448 224 3511 εαταλιπείυ
241 3437 459 3528 βουλόμενοι,
473 3441 676 3528 συνέμειναν
691 3433 803 3508 ε’λπίδι
816 3442 874 3526 τής
886 3433 992 3505 Ἀντι-

45 3541 133 3613 ύνου
143 3547 345 3633 συμμαχίας.
