2318 3892
477 149 654 211 ΟΓΔΟΟΝ.
979 147 1040 211 305

160 327 293 411 Καίσαρ
323 318 402 401 τούς
427 324 628 410 στρατιώτας
654 321 763 393 ἐκάλει
786 322 1041 413 συστρατιώτας,
1059 347 1093 399 22

81 429 131 547 τηῖ
156 429 293 519 ίσοτίμω
319 429 381 493 τοῦ
400 422 560 513 ὀνόματος
583 429 857 516 προθυμοτέρους
880 432 987 496 ποιών
1009 431 1042 507 ἐς

83 524 142 607 τὰς
157 526 273 617 μάχας.

103 637 309 735 Καῖσαρ,
322 629 513 718 πυθόμενος
532 633 570 699 ἐν
579 637 726 723 Γαλατία
739 637 966 720 κατακοπῆναι
976 631 1041 720 φά
1061 653 1095 706 23

62 699 217 823 ὃίειχχας
237 738 465 823 στρατιωτῶν,
488 731 596 821 ώμοσε
615 731 660 821 μὴ
683 735 845 825 πρότερον
865 733 1042 823 ἀποκείρα-

90 849 190 923 σθαι,
220 837 302 923 πρλν
329 834 484 905 ἐπελθών
510 842 695 960 τιμωρῆσαι
721 853 789 917 τοις
814 835 1043 928 ἀνῃρημένοις.

97 940 213 1033 Τοάτω
236 935 448 1027 πλείστην
416 937 552 1009 εάνοιαν
576 935 667 1034 αὐτῷ
689 939 779 1030 παρά
805 942 941 1012 πάντων
968 945 1043 1012 έπε-

83 1032 244 1115 σπάσατο.

162 1154 295 1234 Καίσαρ
309 1146 348 1213 έν
358 1149 443 1238 λιμῷ
452 1158 519 1224 τοῖς
533 1143 747 1232 στρατιώταις
757 1142 877 1233 άρτους
891 1148 1042 1233 διέδωκε,
1061 1170 1095 1222 24

56 1248 255 1329 λσκευάσας
278 1250 315 1319 έκ
334 1246 487 1336 βοτάνης.
518 1247 692 1336 Πομπήιος
712 1248 767 1335 δὲ,
788 1256 943 1339 πολεμῶν
963 1250 1044 1338 πρὸς

79 1350 206 1438 αὐτὸν,
228 1354 288 1420 ἕνα
309 1346 412 1439 άρτον
436 1353 704 1439 προσενεχθέντα
722 1360 873 1424 τοιοῦτον
898 1351 1042 1441 ἀπέκρυ-

77 1474 167 1542 ψεν,
190 1451 231 1524 οὐ
250 1454 452 1541 βουλόμενος
467 1467 534 1532 τοῖς
548 1455 670 1522 ἑαυτοῦ
688 1455 901 1542 στρατιώταις
916 1460 1041 1526 ἐπιδεῖ-

77 1565 139 1644 ξαι
150 1556 213 1646 τὴν
225 1562 293 1626 τών
306 1563 476 1644 πολεμίων
490 1555 695 1643 ἐγκράτειαν.

162 1669 295 1750 Καῖσαρ
316 1666 482 1752 Πομπηΐῳ
509 1658 733 1748 παρετάσσετο
756 1661 832 1746 περὶ
854 1660 1040 1745 Φάρσαλον,
1060 1679 1092 1730 νᾶ

76 1762 192 1855 Ὁρῶν
219 1763 257 1832 δὲ
279 1760 423 1842 πολλοὺς
442 1766 510 1830 τῶν
532 1769 703 1850 πολεμίων
729 1763 826 1841 νέους
846 1765 902 1830 καὶ
923 1762 1044 1843 καλοὺς

82 1870 141 1940 ἐπὶ
155 1872 202 1960 τῷ
222 1866 336 1936 κάλλει
350 1869 560 1953 φρονοῦντας
572 1866 629 1933 καὶ
643 1861 821 1953 σοβαροὺς,
843 1867 1044 1955 παρήγγειλε

81 1985 154 2051 τοῖς
169 1975 267 2050 ἰδίοις
285 1968 500 2058 στρατιώταις
528 1965 586 2047 τάς
605 1970 724 2056 λόγχας
746 1970 802 2036 καὶ
826 1966 903 2049 τοὺς
923 1966 1045 2051 ὑσσοδς

82 2103 130 2199 μη
119 2073 265 2198 φέρειν
279 2070 383 2141 ἐπὶ
347 2100 387 2140 τα
400 2071 535 2160 σώματα
547 2077 616 2140 τών
629 2079 808 2194 πολεμίων,
822 2068 929 2141 ἀλλ”
913 2102 946 2153 ες
960 2071 1045 2142 αὐτά

81 2176 126 2247 τά
139 2176 312 2264 πρόσωπα.
341 2176 434 2245 Οίδὲ
441 2180 670 2262 ,λωβηθῆναι
692 2202 729 2243 το
717 2173 861 2254 καλλος
875 2182 943 2245 τών
963 2205 1043 2264 προ-

54 2301 64 2339 »
84 2276 213 2350 σώπων
227 2279 455 2367 φοβηθέντες,
475 2279 532 2345 καὶ
553 2275 627 2364 66'
607 2280 874 2366 αποστραφέντες
888 2283 1044 2366 ἔφευγον.

166 2386 212 2452 Oi
228 2388 396 2467 Καίσαρος
418 2386 614 2466 στρατιῶται
636 2382 712 2469 περὶ
732 2379 932 2470 ΔυρράχιονΙ
945 2378 1042 2471 ἡττη-
1062 2389 1096 2445 26

83 2489 207 2566 θέντες
220 2483 360 2563 έαυτούς
369 2484 721 2570 δεκατευθησομένους
730 2485 940 2569 παρέδωκαν.
958 2492 1042 2552 Καί-

85 2610 150 2677 σαρ
171 2584 232 2676 οὐχ
254 2583 298 2667 ώς
320 2588 396 2673 περὶ
415 2590 573 2673 τιμωρίας
601 2581 714 2654 αάτών
730 2586 942 2674 ἐβουλεύετο,
961 2585 1046 2657 άλλά

86 2695 144 2762 καλ
157 2689 485 2780 παραμυθησόμενος
504 2684 776 2776 ἀναμαχέσασθαι
790 2686 852 2778 την
866 2680 969 2778 ἦττον
982 2688 1043 2761 αὐ-

57 2794 168 2877 amis
186 2796 409 2883 προέτρεψεν·
433 2797 467 2862 οί
485 2790 523 2862 δὲ
540 2793 579 2861 έν
598 2806 671 2870 ταῖς
691 2798 822 2873 λοιπαῖς
848 2794 966 2882 μάχαις
993 2792 1044 2874 ἀεὶ

88 2895 354 2991 παραταξάμενοι
368 2895 455 2967 πολύ
472 2901 625 2966 πλείοσιν
643 2893 837 2983 ἐκράτησαν.
1045 2914 1048 2919 ’

159 3009 293 3091 Καῖσαρ
314 3006 495 3087 Πομπηίου
519 2998 722 3088 κηρύξαντος
742 3005 869 3087 ἔχθραν
896 2998 951 3065 καὶ
977 3012 1045 3077 τοῖς
1061 3011 1095 3066 27

87 3105 258 3197 μηδετέρω
288 3102 580 3192 προστιθεμένοις,
605 3097 807 3189 άντεκήρνξε
842 3101 898 3169 καλ
924 3105 1043 3187 φίλους

86 3206 280 3298 ἡγήσασθαι
293 3233 355 3275 κατ
358 3203 458 3274 ’ίσον
469 3204 568 3284 τοϊς
551 3208 660 3296 εαυτςό
666 3201 938 3324 συμμαχήσασιυ.

88 3323 317 3336 -.....----

156 3357 226 3423 Οομ.
245 3355 287 3406 23.
325 3358 349 3418 6.
371 3357 414 3405 22.
434 3353 476 3404 23.
512 3353 554 3402 Ex
571 3351 645 3403 Suet.
662 3317 729 3400 ibid.
749 3351 792 3401 67.

155 3425 216 3491 Gap
219 3425 288 3476 .23.
325 3427 350 3487 6,
370 3426 412 3474 24.
429 3423 473 3474 26.
507 3423 550 3471 Ex
568 3422 644 3472 Suet
664 3420 729 3470 ibid
748 3420 791 3473 68.

155 3495 224 3561 (λαμ.
243 3495 286 3546 23.
322 3498 347 3558 6.
366 3494 409 3544 25.
445 3493 488 3542 Ex
505 3491 578 3543 Plut.
597 3490 677 3544 Caes.
698 3491 741 3541 45.

156 3564 226 3630 Gap
243 3562 286 3614 23.
321 3567 346 3626 6.
364 3561 407 3617 27.
443 3562 488 3614 Ex
502 3560 576 3614 Suet.
597 3559 662 3611 ibid.
679 3559 722 3613 76.

139 3665 269 3704 εοττπαι
288 3664 383 3700 mir.
863 3626 903 3689 20
