2318 3892
147 176 212 241 292
536 175 722 237 ΒΙΒΛΙΟΝ

148 350 204 420 ἐπὶ
219 346 350 438 Φάβιον
362 347 419 417 καὶ
436 343 498 435 τὴν
517 343 624 417 αὐτοῦ
642 354 864 447 στρατηγίαν,
884 345 983 421 ὅστε
997 352 1058 421 καὶ
1073 355 1115 421 δι·

148 448 279 537 κτάτωρ
298 448 484 538 ἀπεδείχθη
505 451 562 518 καί
581 450 735 539 Μάξιμος
754 449 1005 543 ἀνηγορεύθη·
1030 458 1115 525 τούτο

150 549 183 623 δ’
205 548 249 623 άυ
267 564 319 643 εἴη
341 556 519 639 Μέγιστος.

114 665 132 716 2
226 657 353 745 Φάβιος
384 654 556 743 ἐπεκλήθη
579 653 767 741 Μέγιστος,
791 660 961 725 Σκιπίων
987 658 1114 745 Μέγας·

149 758 341 847 ἐζηλοτύπει
361 763 419 844 της
442 757 538 844 δόξης
558 752 748 826 όΣκιαίων
766 754 827 826 τόν
852 758 1015 847 Φάβιον,
1042 756 1125 829 fiam

72 889 78 897 ·
148 863 207 931 καὶ
226 860 341 949 ἤρετο·
362 856 381 882 “
390 866 433 929 Τί
451 859 494 947 δη
508 886 588 928 ποτε
603 858 646 928 σύ
663 860 727 948 μέν
741 860 954 946 διατηρήσας
962 858 1113 950 μόνοντδ
1145 899 1151 939 η

149 962 359 1052 στρατόπεδα
379 969 494 1049 κληῑζη
508 964 692 1048 Μέγιστος,
707 960 773 1047 ἐγώ
787 962 826 1031 δέ
838 966 984 1051 Μέγας,
1008 960 1110 1053 όσυμ

148 1064 266 1154 βαλάυ
284 1067 341 1134 καί
360 1064 444 1133 κατά
463 1063 567 1151 στόμα
583 1060 642 1132 καὶ
656 1061 1020 1153 υικησαςἌννίβαυ;”
1054 1064 1109 1136 Φά-
1133 1064 1138 1071 ’

148 1174 222 1255 βιος
236 1175 318 1256 ἐφη,
329 1162 347 1189 “
360 1163 452 1235 Ἀλλ’
467 1171 499 1234 εί
512 1164 558 1254 μη
569 1166 635 1252 ἐγώ
652 1191 705 1235 σοι
719 1165 909 1253 διεφύλαξα
921 1166 1009 1249 τούς
1022 1188 1108 1257 στρα-

150 1268 284 1353 τιύτας,
300 1266 363 1337 οὐκ
375 1264 418 1336 ἂν
432 1274 524 1354 ἐσχες
536 1266 618 1354 μεθ’
631 1259 681 1336 ὧν
692 1268 879 1357 μαχόμενος
891 1268 1083 1359 νικήσεις.”

115 1382 134 1436 3
227 1371 355 1459 Φάβιος
384 1366 453 1439 εἷλε
478 1367 541 1457 τὴν
564 1376 782 1457 Ταραντίνων
807 1370 929 1457 πόλιν,
958 1370 1108 1461 Ἀννίβοα
1134 1410 1150 1452 η

150 1478 404 1565 συμμαχοῦντος
424 1467 555 1556 αὐτοῖς,
578 1473 666 1565 δόλφ
686 1472 798 1542 ταδ’
759 1500 868 1562 τεχνη.
898 1475 1110 1564 Στρατιύτρς

23 1594 27 1601 ’
153 1588 358 1668 Ταραντῖνος
382 1566 426 1662 ἦν
452 1572 542 1661 παρά
563 1542 692 1666 Φαβίῳ.
736 1575 865 1699 Τούτου
883 1581 947 1665 τῆς
969 1576 1110 1675 ἅδελφης

149 1686 254 1769 καλης
267 1676 368 1766 οὔσης
383 1681 421 1746 ἐν
439 1676 583 1764 Τάραντι
597 1674 786 1764 Βρέττιος”
766 1705 830 1766 ηρα
842 1674 952 1767 άυηρ,
961 1676 1042 1751 ύιτό
1048 1676 1109 1751 ’Av-

149 1791 250 1906 υίβου
263 1809 304 1850 τα
291 1780 407 1867 τείχη
421 1778 605 1902 φυλάττειν
616 1781 889 1867 πεπιστευμένος.
921 1786 1040 1855 Τοῦτο
1057 1808 1107 1872 μα·

149 1883 226 1956 δάν
245 1882 371 1970 Φάβιος
395 1879 455 1950 τὸν
477 1890 688 1968 Ταραντῖνον
711 1880 921 1970 στρατιώτην
949 1886 1111 1975 ἐσέιτεμψι
1144 1914 1151 1955 ι

151 1984 234 2075 πρὸς
252 1983 315 2072 τὴν
335 1981 497 2069 ἀδελφήν.
525 1979 561 2050 ‘0
576 1984 614 2052 δέ
629 1978 676 2052 δι’
699 1980 802 2072 αὐτῆς
814 1989 919 2071 φίλον
936 1982 1005 2057 τόν
1017 1988 1111 2076 Βρίσ-

149 2115 224 2157 τιον
245 2084 466 2172 ποιησάμενος
480 2089 592 2154 ἔπεισε
605 2083 646 2153 τά
662 2081 832 2174 Ῥωμαίων
848 2104 1020 2177 φρονεῖν,
1039 2085 1113 2159 ὥστε

149 2189 207 2259 καὶ
219 2191 429 2274 συνθέμενος
448 2181 466 2254 6
484 2187 640 2274 Βρέττιος
653 2191 775 2273 ἔδειξε,
796 2184 880 2256 καθ’
898 2184 1044 2279 δμέρος
1062 2186 1115 2281 χρὴ

151 2298 357 2380 προσβαλεῖν
374 2302 443 2368 τοῖς
461 2294 603 2375 τείχεσι·
624 2286 751 2413 Φάβιρς
762 2296 927 2377 κλίμακας
940 2296 1115 2381 προσδεῖς,

150 2391 321 2490 ἐπαναβὰς
340 2388 424 2460 κατά
444 2389 563 2478 κράτος
583 2389 728 2475 αίρεῖ
692 2419 754 2480 την
774 2391 883 2461 πόλιν.
914 2389 994 2465 Ἐπὶ
1015 2396 1117 2491 τούτμ

150 2495 293 2584 μάλιστα
303 2492 440 2564 πάντων
455 2492 670 2582 ἐθαυμάσθη,
685 2492 933 2583 στρατηγηματι
947 2498 1118 2589 κρατήσας

145 2595 225 2668 Ἀνυ
226 2604 314 2685 ίβου,
329 2622 390 2665 του
376 2596 534 2684 τέχναις
542 2625 599 2665 και
587 2594 771 2677 δόλοις
734 2624 775 2665 τα
788 2605 928 2667 πλεῖστα
937 2605 1118 2683 νιττῶντος.

517 2773 554 2828 15.
572 2777 748 2831 ΚΟΙΝΤΟΣ.

227 2896 368 2977 Κόϊντος
386 2897 512 2987 Φάβιος
538 2897 598 2968 τὸν
619 2898 696 2968 υίόν
722 2904 902 2989 αίρεθῆναι
925 2901 1121 2995 στρατηγὸν

149 2999 371 3089 βουλόμενος,
400 2997 500 3099 αὐτός
518 2997 584 3091 ἤδη
605 3001 799 3092 γεγηρακώς
819 3005 928 3073 ἐδεῖτο
944 2999 1122 3097 Ῥωμαίων

150 3108 311 3192 μηδαμῶς
323 3099 415 3196 αὐτῷ
425 3107 546 3171 δοῦναι
554 3103 616 3193 τὴν
629 3102 753 3195 ἀρχὴν,
768 3110 825 3174 ἵνα
837 3102 882 3193 μὴ
895 3100 1122 3195 ἀναγκάζοιτο

83 3264 89 3271 .
150 3211 404 3292 συναποδημεῖν
422 3205 478 3274 ἐπὶ
493 3202 552 3274 τόν
568 3207 714 3296 πόλεμον
729 3210 766 3277 ἐν
778 3205 866 3298 γήρα
877 3214 1017 3303 μακρῷ·
1031 3218 1071 3299 ρί
1084 3210 1122 3283 δέ
1143 3258 1147 3265 -

150 3312 348 3395 νομίσαντες
361 3305 500 3396 άμεινον
513 3311 600 3390 ἕξειν
613 3308 654 3380 τά
666 3315 723 3398 τῆς
738 3309 877 3397 πόλεως,
889 3310 1020 3383 τούτου
1032 3341 1121 3405 ιαρ·

155 3461 381 3476 -C———u--o

219 3536 286 3633 αφ.
308 3537 350 3589 ιι.
387 3542 412 3603 ς.
430 3539 456 3593 ο.
491 3540 534 3593 τι
549 3537 623 3595 Ριιιι.
639 3540 728 3594 Fabio
749 3541 797 3595 ιι.
841 3538 866 3597 ·.
946 3504 952 3511 ’
