2318 3892
95 179 155 242 ιιι
484 122 669 233 οτοκιοα

61 404 65 411 f
94 350 157 441 τήν
181 349 244 439 μέν
270 342 449 433 ἐπιστολήν
474 345 746 433 ἐσφραγισμένην
772 349 813 434 τῇ
834 349 1032 434 σφραγίδιι

94 451 391 539 Πολυσπέρχοντος
401 450 579 517 ἐκέλευσεν
589 444 693 517 αὐτὸν
704 453 889 538 είσκομίσαι
899 498 909 534 ,
921 445 967 536 μή
980 447 1032 535 μέι

95 585 147 628 τοι
172 568 367 643 προσειπεῖν
389 547 433 630 ὡς
446 550 666 639 Κάσσανδρος
684 555 789 620 ταῦτα
809 557 910 638 ἔγνω.
953 551 1021 621 Καὶ

97 661 159 749 μέν
181 656 383 743 εἰσεκόμισε·
412 653 633 741 Κάσσανδρος
661 653 698 722 δὲ
723 651 786 742 τήν
805 652 1032 743 πεντηκοντήρ

96 758 276 847 συλλαβὼν
296 762 451 845 ἐποίησεν
471 754 596 846 ἀφανή.
630 752 830 845 Ὀλυμπιάς,
853 755 1032 827 πιστεύσαι

96 870 137 954 τῇ
158 867 321 951 σφραγίδι
339 865 379 951 τῇ
397 861 694 948 Πολυσπέρχοντος
713 862 769 929 καλ
787 859 1032 950 τολςγράμμασ

96 973 154 1057 τής
175 964 303 1044 πόλεως
322 968 536 1052 προελθοῦσα
564 960 715 1050 νύκτωρ,
743 960 804 1050 οὐχ
831 957 983 1051 εὑροῦσα
1001 958 1032 1050 τί]

97 1067 367 1156 πεντηκοντήρη,
396 1060 440 1144 ὡς
468 1063 510 1154 δή
535 1067 591 1133 καὶ
615 1067 915 1155 Πολυσπέρχοντος
938 1062 1032 1148 ἓξαπι

97 1179 238 1256 τῶντος,
258 1168 415 1259 ἠθύμησε
434 1169 489 1236 καλ
506 1171 700 1257 παρέδωκεν
715 1166 838 1258 ἑαυτήν
851 1170 910 1238 καὶ
925 1166 965 1238 τὸ
979 1165 1032 1237 άστ

98 1273 136 1344 τό
149 1278 337 1342 Πυδναίων
350 1269 573 1363 Κασσάνδρῳ.
821 1357 826 1368 1

64 1381 82 1432 4
176 1374 396 1462 Κάσσανδρος
415 1370 481 1442 ἀπὸ
501 1379 559 1463 τῆς
575 1370 755 1463 Ἰλλυρίδος
781 1369 953 1458 έπανιών,
978 1369 1032 1442 ἀπι

98 1476 190 1566 σχῶν
202 1474 283 1548 ὁδὸν
296 1472 419 1565 ἡμέρας
429 1473 650 1565 Ἐπιδάμνου,
670 1473 734 1565 τήν
749 1475 896 1564 δύναμιν
910 1473 1032 1563 ἀποκρι

98 1596 181 1669 ψας,
195 1582 315 1659 ἱππέας
328 1581 383 1648 καλ
399 1577 516 1662 πεζοὺς
530 1582 661 1668 πέμψας
674 1579 836 1668 ἐνέπρησε
845 1576 961 1667 κατ’μας
974 1576 1032 1663 ἀνι

98 1682 158 1764 λάς
178 1685 333 1773 κειμένας
356 1679 410 1753 ἐπὶ
430 1689 499 1752 τάν
520 1679 623 1771 ὁρίων
641 1679 823 1770 Ἰλλυρίδος
842 1679 1032 1752 καὶ’ίτιντι

98 1793 209 1872 νίδος,
227 1794 264 1855 αἲ
276 1801 480 1873 καταφανεῖς
497 1777 582 1874 ἦσαν
595 1799 665 1864 τοϊς
676 1781 911 1874 Ἐπιδαμνίοις.
944 1791 992 1855 OC
1001 1784 1032 1874 μί

28 1920 30 1926 ·
101 1888 158 1978 δή,
179 1895 377 1977 νομίσαντες
398 1886 651 1976 ἀπεληλυθέναι
669 1887 910 1975 Κάσσανδρον,
941 1901 1032 1977 προελ

69 2010 71 2014 ’
99 1991 220 2069 δόντες
239 1995 295 2079 τής
321 1990 449 2070 πόλεως
469 2006 541 2070 ταῖς
563 1995 742 2079 γεωργίαις
762 2007 959 2080 προσεῖχον·
987 1988 1032 2063 δι

99 2091 162 2181 τήν
180 2095 416 2182 κεκρυμμένην
438 2092 586 2181 δύναμιν
607 2090 810 2188 ἀναστήσας,
832 2090 897 2163 ἀπδ
919 2095 1032 2184 μένετ’

100 2199 160 2278 ἔξω
174 2201 232 2284 τής
247 2195 375 2277 πόλεως
395 2202 516 2283 ἔλαβεν
537 2193 600 2266 οὐκ
620 2193 776 2277 έλάττους
793 2194 933 2285 ἀνδρῶν
957 2204 1032 2285 δισχ

99 2305 202 2385 λίων,
222 2300 277 2367 καλ
292 2297 350 2377 τάς
365 2298 472 2378 πάλας
490 2298 528 2367 δέ
542 2304 600 2387 τής
621 2299 751 2378 πόλεως
769 2296 986 2391 ἀνεῳγμένας
1007 2328 1032 2370 ει

99 2399 187 2488 ρων,
202 2398 411 2472 έπεισελθιδν
426 2399 487 2489 τήν
497 2398 700 2490 Ἐπίδαμνον
714 2404 882 2490 κατέσχεν.

437 2579 475 2638 12.
494 2583 726 2638 ΛΤΣΙΜΑΧΟΣ.

64 2716 79 2766 1
174 2712 384 2794 Λυσίμαχος,
405 2703 629 2794 Αὐταριατῶν
649 2705 707 2789 τάς
727 2704 919 2790 ἀποσκευάς
941 2707 1032 2780 ἀπολ.

97 2805 230 2877 σάντων
243 2804 281 2877 έν
294 2813 334 2896 τῇ
356 2806 437 2895 πρὸς
451 2807 647 2897 Δημήτριον
665 2809 753 2899 μάχη
772 2813 848 2899 περὶ
863 2812 1032 2901 Λάμψακο

98 2911 265 2998 φοβηθεὶς
285 2910 330 2998 μή
345 2936 376 2977 τι
392 2910 640 2999 νεωτερίσωσιν
651 2918 684 2981 ol
695 2914 861 3002 βάρβαροι
875 2915 987 2985 πάντα
1003 2913 1032 2986 ὅτ

99 3011 189 3099 εἶχον
203 3009 444 3098 ἀπολέσαντες,
454 3012 663 3103 προαγαγών
677 3013 799 3095 αὐτοὺς
812 3019 876 3098 ἔξω
888 3023 951 3087 τοῦ
959 3019 1032 3106 χάρι

97 3141 156 3193 κος
183 3109 227 3195 ὡς
248 3112 303 3185 έπὶ
331 3123 558 3205 σιτομετρίαν,
585 3114 745 3207 σύνθημα
766 3116 846 3200 δοὺς
864 3116 1032 3192 ἀπέκτειν.

97 3212 257 3297 ἅπαντας.
272 3209 384 3320 4Ἦσαν
397 3213 519 3307 ἀνδρες
533 3227 806 3308 πεντακισχίλιοι.

67 3333 84 3384 2
137 3329 141 3334 '
179 3326 370 3408 Λυσίμαχος
381 3317 610 3410 Ἀμφιπόλεως
625 3323 809 3414 κρατήσας,
827 3320 1032 3412 Ἀνδραγάθι

101 3422 299 3507 προδόντος,
336 3421 443 3493 πολλά
471 3426 527 3494 καλ
551 3426 680 3512 μεγάλα
708 3426 929 3514 χαρισάμενος
959 3425 1032 3520 αάτι

97 3528 231 3608 μείζονα
240 3524 278 3594 δέ
290 3520 527 3617 ὑποσχόμενος,
544 3524 604 3599 έάν
613 3535 660 3611 εἰς
669 3527 732 3618 τήν
742 3527 858 3600 Ἀσίαν
870 3526 965 3625 αὐτῷ
979 3552 1032 3602 σνι
