2318 3892
142 150 205 218 σοι
531 148 719 210 mamm
1145 39 1149 211 λ

188 266 192 304 Ι

111 340 115 346 ’
142 320 291 403 Γελάσας
312 315 331 391 ό
354 328 486 411 Καίσαρ
506 314 711 408 ”ούκούν”,
738 318 824 410 ἔφη,
846 313 1102 412 “σνστρατευώ-

143 420 269 516 μεθα.”
309 417 312 424 ’
1064 476 1069 485 -

92 540 126 596 16
219 534 350 615 Καίσαρ
386 523 679 615 παρατασσόμενος
713 521 796 614 πρὸς
830 523 1011 614 Πομπήϊον
1047 524 1104 596 τόν

144 629 329 720 νεώτερον,
343 623 433 713 δρών
452 624 530 707 τούς
547 623 657 695 αὑτοῦ
676 624 877 715 στρατιώτας
905 626 1103 717 φεύγοντας,

144 730 264 803 αὐτίκα
283 735 344 800 τού
362 735 467 798 ἵππου
487 726 633 818 καταβάς
647 729 839 816 ἐξεβόησεν,
855 725 974 819 “Ἐμδ,
993 721 1023 799 ώ
1044 743 1125 801 σν·“ι

143 839 359 926 στρατιῶται,
382 831 622 912 καταλιπόντες
640 846 712 912 ταῖς
731 834 826 922 χερσὶ
843 838 913 902 τών
936 840 1106 922 πολεμίων

145 937 288 1026 φεύγειν
314 931 358 1023 μη
384 931 576 1004 αλδείσθε.”
622 932 690 1002 Τὸν
709 940 864 1004 τοιοῦτον
883 931 987 1023 λόγον
1014 942 1104 1007 αίδε·

145 1043 285 1118 σθένεις
299 1042 334 1106 ολ
345 1037 528 1124 φεύγοντες
547 1034 755 1125 ἀνέστρεφον
769 1039 823 1106 ε’πλ
837 1034 899 1127 τὴν
912 1034 1038 1128 μάχην.

95 1153 128 1208 17
221 1150 353 1228 Καίσαρ
387 1156 457 1219 τοῖς
490 1138 707 1228 στρατιώταις
742 1135 796 1208 ἀεὶ
831 1139 1106 1229 παρεσκευάσθαι

136 1245 389 1334 προσέτασσεν,
417 1238 462 1321 ώς
486 1243 554 1317 καὶ,
569 1243 607 1309 ἐν
626 1243 724 1329 ἑορτῇ
744 1244 800 1311 καλ
826 1244 865 1311 ἐν
888 1240 1025 1337 όμβρφ,
1050 1245 1134 1314 καλε

145 1342 266 1425 νυκτὸς
286 1345 342 1411 καὶ
362 1339 485 1433 ἡμέρας
504 1345 637 1431 μέλλων
657 1342 787 1430 ἐξάγειν
807 1342 907 1432 ἀφνω
925 1343 990 1436 τὴν
1003 1342 1106 1418 δύνα-

87 1522 93 1529 ,
145 1466 220 1539 μιν·
242 1447 298 1516 καὶ
319 1444 375 1514 διά
395 1452 499 1516 τούτο,
514 1443 591 1515 ούτε
609 1443 669 1515 τόν
682 1445 801 1537 καιρόν
813 1443 892 1518 ούτε
904 1445 968 1538 τὴν
981 1446 1107 1541 ἡμέραν

146 1551 338 1642 προέλεγεν.

58 1721 62 1727 ,
96 1664 129 1719 18
223 1661 356 1741 Καῖσαρ
374 1646 433 1729 τάς
452 1647 586 1731 ἐξόδους
607 1652 751 1719 ἐποιεῖτο
763 1647 838 1720 σύν
850 1656 965 1746 πολλῷ
983 1651 1105 1748 δρόμφ,

146 1762 202 1827 ἵνα
215 1753 260 1844 μὴ
274 1751 562 1840 καταλαμβάνοιτο
576 1750 659 1841 πρὸς
671 1757 740 1821 τών
753 1748 1008 1843 ὑστεριζόντων.
1113 1778 1128 1822 ι

96 1877 129 1931 19
223 1865 372 1945 Καίσαρ,
401 1859 432 1922 εί
454 1855 749 1943 τεθορυβημένους
769 1855 856 1946 έώρα
876 1853 956 1937 τούς
975 1877 1105 1948 στρατι-

148 1960 233 2040 ώτας
256 1956 300 2039 ώς
312 1959 592 2046 προσδοκωμένης
612 1971 680 2037 τοϊς
696 1964 866 2047 πολεμίοις
877 1965 1029 2047 μείζονος
1047 1964 1105 2030 δν·

147 2062 295 2150 νάμεως,
318 2055 359 2128 ού
372 2057 476 2146 μόνον
491 2062 627 2148 ἔξαρνος
646 2056 709 2128 ούκ
723 2051 782 2149 ἦν,
803 2058 878 2130 ἀλλ’
894 2067 944 2131 ἔτι
957 2063 1017 2132 καλ
1030 2062 1105 2134 πλί-

147 2193 188 2236 ον
204 2163 315 2255 όγκον,Ι
328 2162 521 2251 προστιθείς
540 2162 596 2230 καὶ
609 2157 811 2248 μεγαλύνων
831 2162 1043 2256 έθάρσυνεν,
1068 2159 1108 2245 ώς

148 2265 230 2356 πρός
244 2271 402 2343 πλείονας
414 2261 476 2353 χρὴ
490 2263 726 2355 γενναιότερον
738 2262 974 2352 ἀγωνίζεσθαι.
1118 2298 1136 2341 τ

96 2388 131 2440 20
224 2376 355 2454 Καῖσαρ
369 2381 437 2445 τοῖς
447 2365 662 2454 στρατιώταις
676 2367 909 2458 παρήγγελλεν
921 2365 1010 2441 ὅπλα
1022 2376 1109 2460 ἔχειν

146 2468 283 2564 ἀργύρφ
304 2470 361 2538 καλ
377 2474 493 2562 χρυσῷ
513 2471 772 2558 πεποικιλμένα,
800 2471 944 2560 μάλιστα
965 2472 1033 2562 μὲν
1053 2471 1108 2544 κό-

146 2599 233 2662 σμου
246 2571 360 2662 χάριν,
373 2568 434 2658 ούχ
447 2567 566 2660 ἥκιστα
581 2572 618 2641 δέ
631 2569 722 2654 ὅπως
738 2575 795 2643 καλ
810 2578 844 2644 οί
855 2580 1059 2666 στρατιώται
1071 2572 1110 2646 τά

147 2674 312 2761 πολύτιμα
326 2673 533 2762 περιμάχητα
546 2669 692 2763 ἡγοῖντο.

96 2797 130 2850 21
225 2785 357 2862 Καίσαρ
372 2773 412 2843 τά
427 2771 644 2866 ἁμαρτήματα
657 2781 726 2847 τών
740 2782 953 2868 στρατιωτών
966 2775 1010 2849 ού
1024 2776 1109 2850 κάν·
1122 2754 1149 2903 ιλ

147 2910 187 2950 τα
202 2874 472 2968 παρεφύλασσεν,
489 2874 563 2947 ἀλλ’
581 2875 661 2948 οὐδὲ
673 2877 750 2960 τούς
763 2877 1016 2972 ἁμαρτάνοντας
1028 2879 1112 2953 κατὰ
1147 2906 1149 2913 ·

146 2982 208 3072 τὴν
226 2980 323 3065 ἀξίαν
340 2983 550 3069 ἐτιμωρεῖτο,
564 2977 627 3069 την
640 2982 844 3072 συγγνώμην
861 2981 1023 3072 ἀνδρείας
1035 3010 1110 3057 κοι-

146 3083 266 3174 ητικην
286 3080 482 3173 ἡγούμενος.
520 3088 565 3152 Εί
582 3085 696 3172 μέντοι
717 3112 768 3167 τις
788 3089 984 3157 ἐστασίασεν
1004 3082 1028 3177 ἦ
1050 3084 1112 3177 τὴν

146 3187 239 3270 τάξιν
264 3193 396 3274 ἔλιπεν,
424 3181 486 3255 ούκ
507 3178 551 3254 ἀν
569 3191 691 3258 τοῦτον
718 3184 928 3279 ἀτιμώρητον
946 3195 1109 3282 παρῆκεν.

216 3383 283 3447 (λαμ.
303 3383 346 3438 23.
384 3385 467 3448 ξ.17.
488 3383 530 3438 18.
567 3383 610 3434 Ex
627 3338 703 3436 Suet.
721 3385 794 3437 Divo
809 3386 886 3440 Julio
901 3387 945 3441 65.
1138 3320 1149 3800 l

215 3454 282 3518 Cap.
301 3453 345 3505 23.
382 3456 406 3516 ξ.
428 3452 469 3503 19.
506 3455 549 3504 Ex
562 3453 636 3505 Suet.
650 3454 718 3504 ibid.
735 3455 779 3508 66.

215 3521 282 3588 Cap.
300 3521 345 3577 23.
381 3525 406 3586 ἕ.
426 3523 470 3576 20.
490 3523 533 3576 21.
565 3523 609 3574 Ex
626 3521 701 3575 Suet.
722 3523 790 3580 ibid.
810 3524 853 3578 67.
