2318 3892
123 185 182 246 134
288 159 290 165 ’
509 180 694 240 τιοαιοα

72 372 105 424 18
196 350 410 442 Ἀλέξανδρος
432 357 551 448 ΙΤίγριν
578 348 714 439 διαβάς,
733 355 879 438 Περσῶν
898 347 962 440 τὴν
974 349 1091 439 χῶραν

123 454 446 545 καταπιμπράντων,
467 459 595 542 έπεμψε
617 452 696 534 τοῦς
715 451 800 523 κατά
817 452 937 539 κράτος
950 453 1089 536 διῶξον-

19 594 22 601 ⁴
123 587 199 644 τας,
220 555 266 627 ἵν’
289 555 467 645 ἀγαπητῶς
487 556 682 645 αἱρούμενοι
704 555 870 640 σῶζεσθαι
889 555 953 646 τὴν
973 557 1089 647 χῶραν

126 659 285 750 ἀκέραιον
297 665 525 730 καταλίποιεν.

78 789 108 842 19
200 761 414 853 Ἀλέξανδρος
442 764 480 832 ἐν
503 756 660 851 Ὑρκανία
686 759 897 850 πυθόμενος,
929 759 1108 849 μοχθηράι

125 868 203 953 περὶ
232 863 337 935 αὐτοῦ
363 874 556 952 λογοποιεῖν
581 861 660 943 τοῦς
685 861 889 943 Μακεδόνας
921 864 981 932 καί
1007 866 1085 942 τοῦς
1120 922 1123 948 ,

114 965 294 1057 Ἕλληνας,
324 964 529 1055 συναγαγῶν
547 963 626 1047 τοῦς
647 971 785 1052 φίλους,
812 971 879 1054 ἐφη
899 965 1085 1053 βοάλεσθαι

124 1071 300 1162 γράμματα
325 1073 469 1158 πέμπειν
489 1074 623 1153 οίκαδε,
646 1067 840 1156 δηλώσοντα
863 1063 908 1148 ῶς
926 1067 1084 1157 έπανήξοι

122 1173 206 1261 μετά
219 1172 341 1260 χρόνον
354 1176 439 1242 ἐτῶν
451 1176 570 1260 τριῶν·
592 1169 631 1240 τὸ
645 1170 684 1238 δέ
696 1167 778 1240 αῦιδ
795 1171 854 1240 καὶ
864 1167 945 1250 τοῦς
966 1178 1085 1259 φίλους

124 1278 258 1361 ἐκέλευε
279 1289 348 1354 τοῖς
368 1280 504 1354 οἰκείοις
517 1275 735 1343 ἐπιστέλλειν.
773 1279 819 1343 Oi
827 1273 891 1362 μέν
903 1272 947 1362 δὴ
961 1274 1083 1353 πάντες
1097 1300 1114 1341 ιι

22 1392 26 1401 ’
123 1385 285 1465 ἔγραψαν.
327 1373 418 1446 Ἐπεὶ
439 1377 477 1446 δὲ
497 1380 531 1445 ολ
547 1375 823 1467 γραμματοφόροι
843 1391 934 1465 τρεῖς
945 1373 1084 1464 ἀπεῖχον

123 1478 310 1568 σταθμοῦς,
337 1475 628 1566 ἀνακαλεσάμενος
648 1475 790 1567 αῦτοῦς,
811 1475 916 1559 λύσας
932 1477 992 1559 τάς
1013 1483 1083 1550 ἐπι-

122 1582 241 1663 στολάς
251 1589 359 1671 ἐμαθε
371 1589 407 1652 τί
418 1587 624 1672 φρονοῦντες
638 1584 775 1662 ἕκαστος
792 1582 975 1651 διετέλουν.

72 1710 106 1762 20
192 1683 407 1775 Ἀλέξανδρος
426 1691 537 1778 χωρίῳ
558 1690 617 1773 τῆς
633 1680 775 1772 Ἰνδικῆς
789 1686 904 1777 ’ἐχυρῷ
917 1683 1082 1773 προσεκά-

122 1798 225 1877 θητο·
246 1790 455 1876 φοβηθέντες
464 1784 563 1857 Ἰνδοὶ
577 1788 766 1880 συνέθεντο
772 1783 849 1875 μεθ’
863 1776 979 1857 ὅπλων
991 1789 1080 1870 ἐξελ·
1098 1817 1116 1857 ιι

121 1900 211 1961 θεῖν.
252 1894 299 1959 OC
311 1890 374 1977 μέν
392 1889 587 1972 ἐξελθόντες
599 1887 707 1975 λόφον
724 1890 840 1978 ἕτερον
858 1888 1084 1978 κατελάβοντο

120 1994 178 2062 καί
191 1991 344 2079 φυλακάς
362 2000 584 2077 καθίσταντο,
603 1991 660 2060 καὶ
672 1987 889 2081 Ἀλέξανδρος
905 1997 1011 2082 ἐπῆγε
1024 1991 1085 2082 τὴν

121 2094 284 2183 δύναμιν,
310 2099 377 2163 τῶν
398 2090 516 2174 Ἰνδῶν
543 2096 783 2180 ἐπιβοωμένων
809 2093 870 2175 τάς
896 2095 1084 2185 συνθήκας.

116 2194 152 2265 Ὁ
167 2197 204 2266 δέ
227 2198 305 2287 περὶ
319 2194 437 2278 ἐξόδου
454 2196 518 2284 μέν
531 2192 695 2283 ῶμολόγει
712 2208 990 2284 συντεθεῖσθαι,
1005 2199 1084 2287 περὶ

122 2300 159 2370 δέ
173 2297 325 2387 ἀφέσεως
337 2299 444 2387 μηδὲν
455 2295 678 2386 ῦκεσχῆσθαι.
1080 2382 1083 2389 ,
1097 2333 1119 2371 κ

68 2432 101 2483 21
194 2399 419 2488 Ἀλέξανδρος,
432 2405 612 2487 Πιττακοῦ,
627 2396 663 2480 δς
676 2393 719 2492 ἦν
732 2399 1082 2490 ἀδελφιδοῦςΠῶρον,

120 2510 285 2592 λοχῶντος
306 2501 389 2573 κατά
408 2501 471 2592 την
483 2498 582 2588 ὁδὸν,
601 2493 752 2592 ᾗστενδς
765 2495 809 2591 ἦν
827 2500 953 2589 αῦλῶν,
978 2509 1083 2592 μῆκος

118 2607 181 2695 μὲν
202 2610 324 2686 ἱκανῶς
345 2608 576 2695 έκτεταμένος,
609 2606 734 2687 πλάτος
756 2606 795 2675 δέ
817 2608 1082 2694 συνεσταλμένος

118 2705 194 2798 ἀχρι
207 2707 378 2795 τεσσάρων
392 2715 556 2794 σταδίων,
580 2703 601 2796 ἡ
616 2708 654 2778 δέ
668 2713 779 2791 ἔξοδος
791 2707 892 2797 στενὴ
906 2708 1080 2779 παντάπα·

118 2833 175 2896 σιν
194 2851 241 2863 -
261 2812 299 2879 ἐν
317 2809 455 2898 τοιαύτη
468 2811 569 2898 φύσει
583 2817 709 2899 χωρίου
721 2817 779 2900 τῆς
792 2815 898 2881 ἵππου
911 2815 1078 2898 διφαλαγ-
1094 2836 1112 2874 ε

80 2933 84 2939 ·
117 2919 197 2999 γίαν
211 2911 351 3001 ποιήσας
362 2913 492 3004 προῄει,
506 2919 733 3001 παραγγείλας
746 2908 797 3001 ἐφ’
812 2909 914 3001 ἡνίαν
924 2915 979 2983 καλ
991 2910 1081 3005 παρά

117 3014 179 3104 τὴν
191 3021 327 3104 κίνησιν
339 3018 480 3086 ἕκαστον
492 3017 635 3084 ἕπεσθαι
645 3021 693 3110 τῷ
706 3012 898 3109 ἡγουμένῳ,
913 3017 971 3085 καλ
980 3043 1078 3104 γενο-

116 3118 230 3205 μένων
242 3118 306 3206 μδν
317 3123 388 3188 τῶν
402 3115 659 3187 ἐναντίωνκατά
671 3116 710 3187 τδ
728 3116 851 3204 δεξιδν,
865 3120 1080 3208 ἐπιστρέφειν

116 3221 172 3288 ἐπὶ
197 3219 282 3308 δόρυ
306 3221 364 3290 καί
389 3225 451 3289 τοῦ
478 3225 599 3289 λοιποῦ
629 3222 663 3303 ἐξ
688 3215 785 3313 ἡνίας
811 3220 1076 3309 παρεμβάλλειν·

115 3318 196 3391 ὅταν
223 3323 260 3392 δέ
279 3328 338 3411 τῆς
366 3325 476 3403 δεξιάς
502 3328 639 3409 πορείας
663 3321 725 3412 την
753 3320 918 3413 οῦραγίαν
946 3328 1112 3408 ίδωσιν,ιι

115 3423 255 3511 ἐπάγειν
289 3427 345 3494 ἐπὶ
376 3423 456 3506 τοῦς
482 3430 672 3512 πολεμίους.
714 3431 826 3494 Ταῦτα
854 3433 1079 3513 παραγγείλας

113 3522 239 3616 ὀρθίαν
255 3523 355 3607 αὐτὸς
379 3525 608 3619 ἐποιεῖτοτην
632 3533 791 3619 πορείαν,
819 3524 905 3599 ῶστε
926 3528 1080 3622 γνῶμονι
