2318 3892
161 185 220 246 100
546 183 731 245 ειεκιοα
1133 39 1141 269 ό

157 357 278 429 σπόται
295 362 364 426 τών
386 361 503 427 οίκιών
524 354 631 426 πολλοὶ
653 355 852 445 εἰσήνεγκαν
871 355 1026 446 χρήματα
1036 353 1113 447 ύπὶρ

20 526 31 541 ,
157 468 218 531 τοῦ
233 459 278 552 μὴ
295 467 516 551 περικοπῆυαι
540 462 596 530 καὶ
615 459 729 549 σαθρά
749 459 966 548 γενέσθαι
928 488 971 530 τοι
989 466 1112 531 οίκοδο-

106 678 139 731 31
157 564 509 788 μήμοόόόάκράτης
432 663 514 754 μετά
536 663 647 755 μὲν
611 693 674 755 την
686 663 795 754 μάχην
808 662 874 736 άπό
887 669 957 735 τών
968 667 1112 754 ληφθέν·

158 800 226 842 των
246 769 321 854 άξια
341 774 410 837 τών
429 768 545 838 πόντου
565 771 755 857 διένεμεν
739 769 942 863 εκάστην.Ε
910 768 1016 838 Είδδ
941 770 1111 852 ίξίνιο
1141 795 1149 829 ε

158 873 248 962 παρά
268 873 400 943 πόλεων
420 874 599 961 ἐκομίσθη,
618 869 717 942 καὶ’
699 872 766 942 απὸ
786 872 915 942 τούτων
936 873 1115 962 διέπεμπεν

158 977 302 1069 ἑκάστῳ,
316 973 357 1044 οὐ
370 974 453 1045 κατά
466 977 527 1044 ἕνα
540 976 660 1064 μόνον,
682 972 766 1044 ἀλλά
785 973 937 1045 καὶκατὰ
958 982 1048 1063 ἔθνη
1067 976 1114 1044 καί

157 1078 241 1174 κατά
262 1077 379 1165 λόχους
399 1081 455 1147 καὶ
475 1077 559 1147 κατά
578 1077 636 1158 τάς
655 1074 821 1166 ὁπλίσεις,
845 1083 1009 1148 ἱππεῦσιν
1026 1077 1113 1164 ἄλλα,

157 1181 307 1262 ὁπλίταις
321 1178 425 1267 άλλα,
447 1189 558 1263 ψιλοῖς
579 1184 685 1270 ἕτερα.
721 1181 796 1271 Πρὸ
818 1186 877 1270 της
896 1180 1006 1270 μάχης
1023 1179 1114 1270 σιγὴν
1148 1250 1149 1267 ,

158 1284 302 1375 κηρύξας
322 1285 542 1372 ἐπηγγέλλετο
569 1282 802 1374 άριστεύσοιντι
823 1287 861 1354 ἐν
880 1301 950 1365 τοῖς
971 1281 1114 1364 ὁπλίταις
1147 1320 1149 1347 ι

47 1451 50 1460 .
157 1381 268 1458 ἆθλον
281 1388 338 1456 καὶ
354 1387 390 1456 τό
412 1386 515 1457 πάλιν
532 1391 569 1457 ἐν
585 1391 844 1474 τολςίππεύσιν,
864 1382 1025 1476 ἢίντοῑς
1042 1395 1112 1458 πελ-
1147 1420 1149 1455 :

157 1506 292 1571 τασταϊς
312 1491 369 1561 καὶ
394 1493 512 1580 ἐφεξῆς
532 1493 570 1561 ἐν
589 1487 733 1571 άπάσαις
753 1505 824 1569 ταῖς
837 1490 983 1573 τάξεσιν.
1012 1488 1111 1578 ’Ἐνγε

157 1593 225 1685 μὴν
237 1608 310 1674 ταῖς
323 1596 450 1680 ἑορταῖς
470 1595 526 1663 καὶ
539 1593 785 1683 πανηγύρεσιν,
802 1590 874 1663 ὅσοι
892 1591 1112 1683 ἀνδρειότεροι
1147 1627 1149 1640 ¹

157 1704 226 1768 τών
259 1696 389 1783 άλλων,
422 1705 584 1786 προετίμα
617 1702 821 1786 προεδρίαις.
851 1702 988 1767 Ταῦτα
1014 1696 1110 1767 πάντα
1147 1705 1149 1724 “

159 1799 350 1890 ἐστρατήγει
377 1804 652 1890 προθυμοτέρους
679 1805 787 1871 ποιών
813 1797 892 1881 τούς
918 1799 1112 1890 στρατιώτας

160 1907 198 1974 ἐν
212 1919 282 1983 τοις
294 1902 476 1982 κινδύνοις.

107 2013 142 2069 32
230 2002 417 2094 Ἰφικράτης
447 2010 606 2086 ποικίλως
631 2002 792 2093 ἐγύμναζε
808 2002 888 2086 τούς
906 2004 1111 2094 στρατιώτας,

159 2109 396 2198 μηχανώμενος
413 2113 699 2196 ψευδοβοηδείας,
719 2109 967 2195 ψευδενόδροις,
993 2113 1110 2190 ψευδο·

158 2216 358 2302 προδοσίας,
383 2215 697 2299 ψευδαυτομολίοις,Ι
719 2210 973 2299 ψευδεφόδους,
995 2216 1111 2295 ψευδο-

158 2312 300 2400 πανικά,
314 2319 371 2384 ἵνα
385 2323 419 2383 εί
425 2341 504 2384 ποτε
517 2315 573 2384 καί
586 2313 739 2385 τοιοῦτόν
750 2342 783 2383 τι
796 2316 945 2403 γένοιτο,
959 2318 1112 2404 μηδαμώς

160 2417 405 2507 ἐκπλήττοιντο.
605 2432 608 2437 ’

74 2512 79 2523 ’
107 2533 142 2586 33
232 2519 418 2610 Ἰφικράτης
438 2519 516 2605 περὶ
541 2515 579 2587 τό
601 2514 705 2607 Ἱερόν
725 2516 813 2606 όρος,
839 2515 1115 2608 ἀντικαθημένων

158 2620 249 2718 αύτῷ
262 2629 432 2712 πολεμίων
441 2624 496 2692 καί
509 2618 704 2710 ἀπεχόντων
717 2621 836 2692 στάδια
844 2623 946 2691 πέντε
954 2623 1014 2691 καὶ
1023 2648 1114 2693 κατε-

158 2726 287 2813 χόντων
305 2721 516 2814 ὑψηλότατον
534 2724 638 2794 τόπον
657 2722 748 2811 παρά
766 2722 829 2812 τὴν
842 2723 1041 2812 θάλασσαν,
1065 2725 1117 2793 καὶ

155 2855 216 2954 της
229 2834 365 2914 πορείας
382 2832 440 2916 τῆς
450 2825 497 2896 ἐπ’
508 2823 630 2906 αύτούς
643 2824 721 2914 ἐφ’
702 2855 763 2896 ενα
776 2823 879 2915 ούσης
888 2854 980 2898 -το
968 2825 1038 2898 δδ
1048 2837 1116 2899 λοι·

158 2929 224 3002 πόν
238 2926 396 3020 χωρίον’
378 2929 595 3017 απόκρημνου
608 2921 651 3018 ἦν
664 2927 760 3009 είς
723 2957 786 3019 την
799 2930 976 3001 θάλασσαν
986 2971 1034 2985 -
1048 2933 1149 3002 άπι-

158 3034 336 3124 λεξάμενος
356 3030 482 3118 άνδρας
509 3028 713 3121 εὐρώστους,
740 3033 847 3102 νύκτα
880 3033 1149 3173 παραφυλάξαςρ

156 3135 359 3226 άνηνεμίαν,
393 3133 614 3223 ἀλειψάμενος
631 3143 728 3218 λίπα,
753 3135 818 3206 σύν
838 3153 908 3216 τοῖς
926 3133 1118 3226 ἀναγκαίας
1142 3176 1147 3237 χ

156 3237 272 3321 ὅπλοις
294 3239 403 3310 διά
363 3267 421 3328 της
434 3238 602 3327 θαλάττης
617 3238 767 3327 παριών,
781 3236 844 3311 ὅσα
857 3266 897 3326 γε
916 3238 985 3330 μὴν
1009 3238 1145 3330 βαθύ·
1142 3244 1145 3281 ¹

156 3371 238 3433 τερα
251 3341 532 3433 παρανηχόμενος,
540 3340 724 3428 παρελθών
736 3340 814 3424 τούς
827 3342 994 3430 φύλακας,
1008 3341 1149 3432 ἐκβάς,

157 3444 303 3517 ὄπισθεν
323 3442 436 3515 αύτών
453 3443 633 3534 γενόμενος
651 3442 828 3517 ἀπέκτεινε
847 3445 992 3533 πάντας,
1013 3474 1072 3518 και
1084 3444 1115 3515 τό

156 3547 262 3619 αὑτοῦ
275 3549 503 3638 στρατόπεδον
511 3545 640 3640 ἤγαγεν
653 3547 711 3621 διά
722 3554 781 3640 τῆς
798 3554 920 3641 στενῆς
930 3546 1018 3621 ὁδοῦ
1029 3546 1114 3639 πτερά
1133 3610 1136 3693 ρ
