2318 3892
427 187 656 251 TETAPTON.
963 187 1023 248 129

58 357 241 446 σύμμαχοι,
256 361 361 427 ταῦτα
375 353 519 446 ὁρῶντες
530 360 587 429 καὶ
600 356 789 444 ἀκούοντες,
802 357 1023 440 ἀπολιπόντες

58 469 263 544 Βυζαντίους
273 463 328 530 ἐπὶ
340 457 398 540 τάς
412 456 526 531 αὑτων
543 468 705 551 πατρίδας
719 463 922 533 ἐστέλλοντο.

137 572 304 642 Φίλιππος
323 561 386 650 τήν
394 559 600 653 Ἀβδηριτῶν
612 566 668 634 καὶ
684 571 901 653 Μαρωνιτῶν
918 591 1020 634 κατα·
1039 578 1074 660 22

59 664 175 753 λαβών
189 666 347 755 ἐπανῄει,
370 667 426 734 καί
446 672 529 747 ναῦς
547 674 633 754 ἔχων
648 664 774 748 πολλάς
792 668 849 736 καὶ
864 665 1023 756 στρατιάν

59 768 163 857 πεζήν
178 766 281 856 ἀγων·
300 766 413 857 Χάρης
427 771 504 857 περὶ
513 771 607 839 Νέαν
619 769 719 839 πόλιν
734 768 918 858 ἐναυλόχει,
932 769 1022 859 τριή-

59 867 238 959 ρεις”ἔχων
259 880 374 939 είκοσι.
408 878 592 958 Φίλιππος,
607 871 841 960 ἐπιλεξάμενος
853 877 922 941 τῶν
935 877 1024 942 νεων

57 977 224 1059 τέσσαρας
241 970 299 1052 τάς
320 970 440 1061 ἀριστα
462 973 645 1061 πλεούσας,
674 975 870 1062 ἐπλήρωσεν
900 979 1024 1064 ἐρετῶν

59 1073 151 1164 ἀκμή
173 1076 230 1144 καὶ
248 1077 347 1163 τέχνη
366 1077 423 1144 καὶ
437 1077 532 1165 ῥώμη
552 1075 716 1164 ἀρίστων,
737 1079 793 1146 καὶ
806 1074 1024 1167 παράγγελμα

58 1184 184 1265 ἔδωκε,
203 1183 458 1267 προαναχθήναι
477 1185 538 1250 τοῦ
557 1179 678 1249 στόλου
698 1178 822 1260 παντὸς
841 1182 897 1249 καί
916 1207 1022 1268 παρα-

59 1289 159 1352 πλεῖν
180 1277 243 1369 τήν
259 1284 356 1350 Νέαν
376 1280 493 1369 πόλιν,
514 1278 556 1351 οὗ
581 1279 667 1352 πολά
681 1288 739 1372 τῆς
751 1289 811 1371 γής
830 1281 1023 1371 ἀπέχοντας.

61 1388 108 1452 Oi
119 1383 182 1473 μὲν
203 1384 408 1473 παρέπλεον·
431 1379 450 1453 ὁ
473 1384 511 1454 δέ
524 1383 653 1475 Χάρης,
679 1381 723 1465 ὡς
748 1384 1024 1477 ἀναρπασόμενος

57 1485 118 1566 τάς
130 1489 291 1576 τέσσαρας
304 1491 388 1565 ναός
401 1486 576 1575 ἐπανήχθη
590 1502 661 1567 ταῖς
676 1498 813 1558 είκοσιν.
837 1492 884 1557 Ac
896 1488 934 1558 δέ
947 1491 1022 1558 τέσ-

59 1609 177 1676 σαρες,
198 1591 343 1676 ἐλαφραί
355 1589 412 1656 καὶ
427 1585 583 1677 ἀρίστους
598 1592 711 1679 ἐρέτας
725 1596 877 1677 ἔχουσαι,
901 1593 1026 1677 ταχέως

60 1698 109 1772 είς
122 1693 159 1760 τὸ
177 1694 319 1777 πέλαγος
340 1698 604 1779 μετεωρίζονται.
641 1697 718 1761 Των
732 1692 770 1761 δὲ
783 1690 869 1780 ἀμφὶ
883 1691 942 1760 τόν
955 1690 1024 1760 Χά-

62 1822 145 1884 ρητα
165 1797 417 1881 συντεταμένως
437 1792 650 1881 διωκόντων,
676 1800 802 1863 ἔλαθεν
821 1790 839 1864 ὁ
861 1802 1026 1873 Φίλιππος

61 1901 158 1968 Νέαν
180 1896 279 1966 πόλιν
298 1893 456 1983 ἀσφαλῶς
475 1896 727 1985 παραπλεύσας·
754 1895 867 1987 Χάρης
888 1897 926 1967 δὲ
945 1893 1026 1965 οὐδέ

60 1999 120 2081 τάς
132 2003 295 2090 τέσσαρας
308 2005 393 2080 ναῦς
406 2001 601 2087 κατόλαβενζ

392 2178 417 2236 δ.
437 2177 695 2239 ΑΛΕΞΑΝΔΡΟΣ.

136 2303 351 2392 Ἀλέξανδρος
383 2302 576 2395 ἐστρατήγει
610 2304 737 2384 πάντας
763 2300 969 2392 ἀνθρώπους
994 2305 1061 2382 ἐςι

65 2406 204 2479 εόνοιαν
217 2404 428 2495 ἀπάγεσθαι,
442 2408 500 2477 καί
520 2404 562 2494 δή
578 2409 700 2492 διέγνω
714 2402 840 2486 πάντας
858 2402 933 2475 ἀντὶ
947 2411 1026 2493 βρό-

60 2517 131 2581 τεόν
145 2513 203 2580 καί
215 2508 352 2600 ἀνδρῶν
372 2511 427 2578 καὶ
444 2514 567 2596 φωτοόν
581 2511 637 2577 καί
650 2506 808 2598 μερόπων
821 2509 878 2577 καὶ
891 2504 1032 2593 ἀνθρωῐ,

63 2643 140 2685 πων
160 2611 400 2703 Ἀλεξάνδρους
416 2621 544 2681 καλεῖν.

134 2713 350 2804 Ἀλέξανδρος
362 2719 518 2803 πολεμῶν
533 2714 738 2804 προσέτασσε
753 2725 821 2793 τοῖς
834 2725 1029 2801 στρατηγοῖς
1047 2727 1064 2778 2

63 2823 182 2910 ξυρεῖν
195 2817 236 2891 τά
256 2825 325 2888 τῶν
338 2818 553 2895 Μακεδόνων
561 2817 696 2906 γένεια,
717 2820 774 2886 ἵνα
792 2812 838 2905 μή
852 2817 1029 2904 παρέχοιεν

64 2923 246 3011 πρόχειρον
261 2919 370 3011 λαβήν
382 2935 451 3002 τοῖς
465 2924 639 2998 ἐναντίοις.

139 3022 365 3114 Ἀλέξανδρος,
379 3027 570 3112 πολιορκῶν
585 3020 713 3110 Τόρον,
728 3017 933 3108 βουλόμενος
945 3016 1030 3103 μέγα
1046 3035 1064 3088 3

63 3132 161 3217 χῶμα
190 3141 259 3207 τοῖς
280 3134 403 3215 τείχεσι
422 3130 491 3195 ταῖν
514 3130 648 3212 Τυρίων
668 3128 881 3212 περιβαλεῖν,
902 3123 1032 3206 πρῶτος

63 3227 167 3312 αὐτὸς
186 3229 331 3318 κόφινον
350 3226 484 3317 λαβάν,
505 3232 567 3316 χοῦ
592 3223 771 3314 πληρώσας
791 3220 1031 3311 προσήνεγκεν.

137 3496 204 3565 Gap.
223 3497 247 3549 3.
268 3499 310 3560 ἃ.
331 3497 357 3550 2.
394 3493 563 3562 (Descripsit
579 3461 726 3556 λεεοοῐοε,
750 3489 821 3544 Viol.
840 3486 1033 3555 apophthegm.

63 3565 208 3633 Alex-pg.
223 3565 259 3618 98
278 3561 384 3629 Walz.)
496 3584 499 3589 ·
730 3570 733 3576 ·

117 3667 248 3705 Pomm
274 3665 370 3702 επκιπ,
867 3643 887 3703 9
