2318 3892
72 184 134 244 314
466 180 651 243 BIBAION

72 363 130 444 τῆς
151 354 357 445 Ἀρτέμιδος,
381 360 427 434 είς
448 352 577 425 Φενεὸν
596 336 856 444 πομπεύουσαν,
888 349 1030 444 ἥρπασε·

77 465 253 546 Τεγεᾶται,
282 457 408 546 ταύτην
434 455 618 546 ἀπολαβεῖν
644 462 821 544 θέλοντες,
853 454 1032 529 ἀπέδωκαν

73 561 240 657 αὐτῷτὴν
255 567 454 632 Χειλωνίδα.
942 561 946 569 ’

450 775 492 829 ³5.
510 778 648 829 HIEPIA.
742 800 747 805 ·

151 925 197 988 Οί
213 923 250 988 ἐν
264 919 405 1013 Μιλήτῳ
415 915 544 1005 Ἴωνες,
567 915 650 1009 πρὸς
663 915 741 998 τούς
760 919 899 1007 Νηλέως
912 914 1048 997 παίδωςι

72 1020 323 1107 στασιάσαντες,
359 1019 574 1111 ἀνεχώρησαν
607 1022 640 1102 ἐς
673 1024 840 1091 Μυοῦντα
871 1016 1031 1091 κάκεῖθεν

71 1128 273 1214 ἐπολέμουν·
289 1122 329 1194 ού
344 1123 411 1213 μὴν
422 1121 483 1212 ’ὅγε
496 1123 639 1214 πόλεμος
653 1121 819 1204 ἀσπονδος
832 1112 887 1212 ἦν,
902 1118 988 1193 ἀλλά
997 1124 1030 1192 ἐν

70 1243 142 1308 ταῖς
151 1231 278 1315 ἑορταῖς
286 1219 329 1310 ἦν
343 1225 455 1307 αὐτοῖς
464 1230 620 1316 ἐπιμιξία.
635 1223 1028 1316 Πύθουάνδρδςίνδόξου

70 1330 226 1420 θυγάτηρ
245 1336 386 1420 Πιερία,
407 1331 520 1418 ἑορτῆς
538 1327 640 1419 οὔσης
659 1327 752 1418 παρά
769 1335 972 1418 Μιλησίοις,
990 1324 1027 1418 ἣν

70 1440 228 1522 Νηληίδα
245 1432 433 1526 κλῄζουσιν,
448 1424 529 1524 ἧκεν
542 1435 576 1514 ἐς
588 1441 752 1522 Μίλητον.
792 1437 872 1503 Τῶν
891 1434 1026 1522 Νηλέως
1037 1464 1052 1506 ιι

71 1542 203 1606 παίδων
215 1533 244 1620 [ὁ
256 1535 496 1620 δυνατώτατος]
510 1533 614 1624 ὄνομα
629 1535 792 1627 Φρύγιος,
804 1542 948 1625 Πιερίας
955 1540 1027 1624 ἐρα-

72 1641 168 1721 σθελς
184 1637 303 1729 ἤρετο,
317 1647 353 1709 τί
363 1633 408 1710 ἀν
421 1636 505 1731 αὐτῇ
518 1640 659 1732 μάλιστα
673 1647 821 1727 γίγνοιτο
833 1639 1025 1727 κεχαρισμέ-

72 1772 142 1829 νον.
175 1739 218 1812 Ἡ
239 1744 275 1813 δὲ
296 1751 378 1831 ἔφη·
396 1737 415 1766 “
429 1739 517 1831 Ἐμοὶ
543 1741 722 1830 διαπράξαι
742 1741 780 1811 τὸ
794 1741 958 1824 πολλάκις
977 1742 1028 1810 καὶ

71 1845 153 1934 μετά
174 1851 309 1916 πολλῶν
328 1842 453 1915 ἐνθάδε
470 1850 619 1935 βαδίζειν
634 1841 839 1942 δύνασθαι.”Ι
873 1849 1028 1935 Συνῆκεν

70 1945 88 2017 ὁ
103 1949 259 2036 Φρύγιος,
276 1945 319 2028 ὡς
334 1945 467 2037 εἰρήνης
481 1950 537 2018 καί
551 1953 664 2036 φιλίας
673 1963 742 2029 τοῖς
749 1952 900 2029 πολίταις
909 1950 1026 2033 δίοιτο,
1040 1982 1056 2024 ιι

71 2052 126 2119 καὶ
147 2049 207 2120 τὸν
226 2048 372 2140 πόλεμον
392 2057 535 2120 ἔπαυσε·
556 2053 614 2120 καί
633 2046 795 2134 ἔνδοξοςὸ
810 2056 967 2140 Φρυγίου
977 2050 1028 2123 καὶ

70 2161 210 2243 Πιερίας
224 2160 324 2244 ἔρως,
344 2152 481 2243 εἰρήνην
494 2149 569 2223 ἀντὶ
583 2156 730 2244 πολέμου
747 2150 941 2245 παρασχών.

402 2366 447 2422 δδ.
467 2369 699 2424 ΠΟΛΤΚΡΙΤΗ.

142 2510 305 2601 Μιλήσιοι
318 2513 457 2594 Ναξίοις
470 2511 675 2600 ἐπολέμουν·
704 2508 900 2601 Ἐρυθραῖοι
914 2519 1028 2599 Μιλη·

69 2622 153 2693 σίοις
167 2614 388 2702 συνεμάχουν.
403 2614 599 2704 Διόγνητος,
611 2611 823 2704 Ἐρυθραίων
835 2612 1029 2704 στρατηγὸς,
1044 2646 1060 2684 -υ

70 2726 165 2785 λείαν
178 2723 246 2785 τῶν
259 2720 398 2799 Ναξίων
412 2725 511 2807 ἔλαβε
525 2716 653 2806 πολλὴν
666 2720 722 2787 καλ
742 2715 784 2806 δὴ
797 2733 964 2804 γυναικας
975 2719 1030 2788 καί

69 2822 261 2910 παρθένους
270 2818 403 2906 πολλάς,
412 2812 461 2890 ὧν
473 2813 516 2909 ἦν
523 2827 726 2910 Πολυκρίτη·
739 2821 861 2909 ταύτης
873 2823 1031 2908 ἐρασθεὶς

68 2920 129 3011 οὐχ
142 2919 185 3002 ὡς
193 2922 389 3015 αἰχμαλώτῳ
403 2929 521 3011 συνῆν,
533 2919 601 2993 ἀλλ’
614 2919 657 3003 ὡς
670 2929 796 3013 γαμετῇ
805 2930 955 3011 γυναικί.
969 2915 1030 2995 Ἦν

69 3032 107 3095 ἐν
121 3032 168 3117 τῷ
188 3028 400 3120 στρατοπέδω
414 3032 488 3114 τῶν,
496 3033 678 3116 Μιλησίων
691 3026 828 3115 πάτριος
842 3024 959 3115 ἑορτὴ,
975 3028 1028 3097 καί

68 3129 189 3208 πάντες
207 3129 379 3200 ἀνέκειντο
392 3131 481 3218 μέθη
490 3132 547 3200 καὶ
561 3137 723 3222 θυμηδία.
751 3134 948 3220 Πολυκρίτη
961 3156 1023 3199 πα·
1040 3134 1066 3194 τί

68 3231 201 3318 ρεκάλει
215 3233 405 3322 Διόγνητον
418 3234 591 3322 ἐπιτρέψαι
605 3239 674 3304 τῶν
689 3232 872 3323 πεμμάτων
887 3238 1026 3325 μερίδας

78 3407 294 3418 ··---————=-

138 3497 203 3561 Cap.
222 3497 267 3549 35.
303 3500 345 3549 Ex
363 3499 435 3550 Plut.
455 3497 523 3550 ibid.
541 3498 583 3551 16.

138 3565 204 3631 Cap.
222 3566 266 3618 36.
301 3569 343 3619 Ex
358 3569 431 3621 Plut.
450 3568 516 3622 ibid.
536 3568 578 3623 1⁷.
