2318 3892
75 174 138 252 χιε
462 172 647 233 ειεΛιυα

72 344 161 436 άλμῃ
175 347 275 416 πέντε
283 343 409 434 μάριες·
420 343 622 433 καππάρεως
631 345 876 434 ἐσκευασμένης
889 338 1032 434 ένάλμχ,

73 453 107 533 ἐξ
120 441 159 537 ἦς
170 442 424 536 τάςάβυρτάκας
437 451 581 533 ποιούσι,
591 449 690 517 πέντε
703 447 834 536 μάριες
847 444 944 519 ἀλῶν
954 450 1033 518 δέκα

71 550 224 641 ἀρτάβαι.
239 555 446 621 Αἰθιοπικοῦ
459 557 604 638 κυμίνου
618 552 832 633 ἕξκαπέτιες·
847 546 868 640 ἡ
882 551 923 621 δέ
933 553 1031 621 καπέ-

72 683 122 735 τις
135 647 204 724 ἔστι
219 657 323 741 χοῖνιξ
337 650 474 742 Ἀττική.
495 651 643 741 ’Ἁνηθον
656 645 752 740 αὖον,
765 652 947 740 τριάκοντα
953 659 1032 743 μνάς

72 762 180 828 ἕλκον.
202 763 349 827 Σελίνου
358 758 544 843 σπέρματος
556 759 712 845 τέσσαρες
721 758 885 836 καπέτιες.
903 754 1052 827 Ἐλαίουι

72 867 258 949 σησαμίνου
278 863 359 930 δέκα
379 859 511 948 μάριες·
531 860 647 928 έλαίου
666 856 732 928 ἀπὸ
752 856 916 947 γάλακτος
936 862 1032 932 πέντε

72 965 203 1052 μάριες’
224 966 339 1032 έλαίον
358 959 425 1031 ἀπὸ
437 967 632 1050 τερμίνθου
652 964 754 1031 πέντέ
764 962 897 1050 μάριες·
919 964 1033 1033 έλαίον
1069 992 1071 1031 ι

72 1063 138 1137 ἀπὸ
159 1063 329 1135 ἀκαν-θίου
351 1065 451 1134 πέντε
466 1064 598 1152 μάριες·
618 1067 734 1133 ἐλαίου
747 1061 814 1134 ἀπὸ
830 1062 1034 1153 ἀμυγδάλων

71 1175 139 1238 των
159 1169 314 1255 γλυκέων
334 1184 424 1254 τρεῖς
443 1166 569 1255 μάριες.
613 1164 835 1255 Ἀμυγδάλων
853 1164 953 1237 αύωυ
970 1173 1034 1237 τοῖν

71 1272 225 1359 γλυκέων
238 1286 327 1357 τρεῖς
341 1267 491 1358 ἀρτάβαι.
521 1277 627 1338 Οίνου
640 1269 856 1339 πεντακόσιαι
871 1269 999 1360 μάριες.
1047 1294 1063 1336 ο

140 1370 244 1443 Ὅταν
265 1364 339 1462 δὲῇ
360 1376 398 1442 έν
411 1377 592 1458 Βαβυλῶνι
613 1367 634 1461 ἢ
654 1375 691 1441 έν
711 1373 873 1460 Σούσοις,
893 1372 1034 1462 τὸνμὲν

70 1473 191 1565 ἡμίσεα
205 1479 241 1545 ἐκ
254 1481 323 1544 των
336 1482 504 1564 φοινίκων
517 1472 612 1544 οἶνον
626 1477 772 1565 παρέχει,
785 1473 845 1545 τόν
860 1475 898 1546 δέ
912 1472 1032 1566 ἡμίσεα

70 1577 265 1668 ἀμπέλινον.
304 1579 426 1675 Ξύλων
449 1575 616 1647 διακόσιαι
645 1574 783 1665 ἅμαξαι·
813 1575 896 1667 ὕλης
917 1577 1034 1649 ἑκατόν

71 1680 208 1772 ἅμαξαι·
229 1686 290 1751 τοῦ
312 1679 429 1761 ὕοντος
449 1683 579 1768 μέλιτος
601 1679 721 1749 ἑκατόν
743 1681 895 1750 παλάθαι
916 1680 1031 1771 τετρά-

71 1813 174 1872 γωνοι
188 1782 253 1854 ἀνά
267 1786 348 1853 δέκα
362 1789 447 1871 μνάς
467 1787 635 1852 ἕλκουσαι.
662 1780 765 1853 Ὅταν
787 1787 826 1853 έν
837 1788 879 1875 τῇ
893 1789 1056 1874 Μηδικῇι

71 1880 111 1979 ᾖ,
124 1893 227 1985 ταῦτα
241 1892 392 1956 δίδωσιν.
424 1886 563 1974 Κνήκου
577 1885 763 1974 σπέρματος
776 1901 865 1975 τρείς
879 1883 1030 1977 άρτάβσι.

70 1990 206 2078 Κρόκου
221 1988 283 2058 δύο
302 1994 386 2078 μνᾶς
406 1991 561 2067 ἕλκοντος
581 1994 733 2083 σταθμῷ.
774 1995 886 2059 Ταῦτα
903 1991 970 2078 μέν
989 1997 1031 2070 είς

72 2092 212 2163 δεῖπνόν
225 2119 262 2160 τε
275 2094 331 2160 καὶ
346 2089 482 2178 άριστον
496 2087 721 2161 ἀναλωκέναι.

148 2199 338 2265 Διαδίδωσι
353 2193 391 2263 δέ
405 2199 605 2280 πυραμίνων
619 2191 775 2282 ἀλεύρων
787 2199 856 2265 τῶν
870 2197 1031 2283 καθαρῶν

71 2303 289 2377 πεντακοσίας
302 2294 463 2384 ἀρτάβας·
479 2302 694 2383 κριθαμίνων
705 2297 742 2367 δὲ
755 2300 920 2385 καθαράν
932 2293 1027 2368 ἀλεύ-
1041 2320 1058 2360 2·

70 2414 142 2490 ρων
154 2408 261 2487 χιλίας
275 2396 438 2486 ἀρτάβας·
459 2400 515 2467 καὶ
536 2404 605 2467 τῶν
623 2401 794 2488 δευτέρων
810 2406 919 2487 χιλίας
931 2397 1030 2488 ἀρτά-

70 2513 142 2592 βας.
183 2501 401 2591 Σεμιδάλεως
433 2508 654 2582 πεντακοσίας
682 2499 853 2592 ἀρτάβας
886 2500 1031 2590 χόνδρου

19 2598 28 2616 ²
69 2613 130 2675 τοῦ
144 2608 182 2674 έκ
199 2611 268 2675 των
282 2601 417 2693 ὀλυρῶν
433 2610 653 2684 πεντακοσίας
667 2604 804 2692 μάρτυς·
823 2602 948 2694 κριθάς
965 2618 1031 2683 τοῖς

69 2707 205 2798 κτήνεσι
221 2712 399 2794 δισμυρίας
419 2704 580 2794 ἀρτάβας·
605 2703 742 2795 ἀχύρων
755 2713 877 2796 μυρίας
890 2702 1031 2796 ἀμάξας·

69 2810 222 2897 κάρφους
241 2816 509 2897 πεντακισχιλίας
528 2804 664 2895 ἀμάξας.
695 2806 825 2880 Ἐλαίου
843 2816 1060 2899 σησαμίαουα

69 2918 241 2991 διακοσίας
266 2909 404 3000 μάριας·
431 2909 527 2993 όξους
548 2910 668 2981 ἑκατόν
692 2912 829 3000 μάριας·
855 2912 1032 3002 καρδάμου

69 3016 277 3105 κεκομμένου
292 3018 417 3084 λεπτοῦ
433 3011 613 3102 τριάκοντα
632 3011 789 3103 ἀρτάβας.
837 3020 952 3085 Ίθιῦτα
972 3014 1032 3104 μὲν

69 3119 178 3188 πάντα
198 3122 376 3187 διαδίδωσι
394 3130 467 3196 ταῖς
487 3131 658 3200 στρατιαῖς
676 3111 898 3204 ὅσαιέίρηται.
927 3126 1031 3187 Bam·

69 3219 147 3300 λεάς
169 3220 207 3288 δέ
230 3217 296 3289 σάν
314 3224 362 3311 τῷ
378 3215 504 3310 ἀρίστω
524 3219 640 3312 καὶτῷ
657 3224 784 3310 δείπνῳ
804 3221 862 3288 καί
883 3214 936 3300 οἷς
957 3225 1031 3290 δια-

70 3330 207 3407 δίδωσι,
221 3327 365 3391 τοσαύτα
382 3318 554 3390 ἀναλίσκει
567 3325 626 3408 τῆς
639 3317 780 3410 ἡμέρας.Δ
1045 3349 1063 3389 ς.

149 3423 284 3512 Ταύτην
307 3427 370 3493 τοῦ
395 3428 538 3496 δείπνου
564 3420 626 3511 τὴν
653 3421 874 3513 παρασκευὴν
898 3426 936 3493 ol
967 3423 1028 3513 μέν

67 3525 163 3598 ἀλλοι
181 3526 381 3606 Μακεδόνες
401 3522 605 3613 ἀναγνόντες
631 3524 832 3614 ἐθαύμασαν
851 3520 898 3607 ὥς
911 3523 1027 3599 εὐδαί-
