2318 3892
73 164 114 232 68
242 208 246 216 -
463 168 651 250 οιεκιοω

72 341 175 411 πάλιν
190 344 236 421 είς
250 337 312 431 τὴν
324 338 424 411 πόλιν
440 335 589 428 ιἰφείναι.
622 340 692 410 Καὶ
710 337 755 431 δὴ
768 334 787 410 δ
801 338 873 431 μὲν
885 340 952 433 τύρι

73 450 242 534 προῆλθε·
276 448 511 534 Δερκυλλίδας
540 443 578 513 δὲ
603 444 812 532 προσέταξεν
841 442 952 530 ὀἰνολξα

73 544 197 635 πύλας,
220 552 251 615 εί
270 546 316 616 δδ
329 545 392 636 μὴ,
413 546 595 634 φονεύσειν
615 542 718 615 αύτδν
731 542 938 638 ἠπείλησεν.

75 650 112 721 δὲ
133 651 298 738 φοβηθεὶς
318 647 481 742 ἀνέῳξεν,
501 645 671 738 Ἥφίημί
689 645 773 734 σε”,
792 656 888 741 ἔφη,
906 648 952 723 “ν

73 751 136 842 την
149 751 266 823 πόλιν·
280 755 378 839 τούτο
393 749 456 839 γὰρ
473 747 602 840 ώμοσα·
623 748 716 839 κοίγώ
734 751 774 823 δὲ
793 753 888 842 μετὰ
899 760 952 847 τῆς

75 855 250 944 δυνάμεως
266 850 488 944 είσέρχομαι.”

444 1031 469 1090 7.
487 1034 672 1087 ΑΛΚΕΤΑΣ.
731 1064 734 1071 -

145 1157 300 1238 Ἀλκέτας
310 1159 584 1247 Λακεδαιμόνιος,
599 1155 665 1229 ιἰπδ
672 1153 833 1243 Ἱστιαίας
843 1157 952 1252 ὁρμώρ

73 1262 279 1352 βουλόμενος
299 1271 439 1348 λαθεῖν,
461 1260 690 1352 πεπληρωκὼς
707 1267 796 1345 ναῦς
818 1265 951 1347 πολλὰς

73 1365 242 1445 θελκύσας
256 1364 375 1454 τριήρη
394 1372 475 1452 μίαν
489 1366 546 1433 καὶ
560 1367 593 1445 ἐς
606 1362 732 1453 ταύτην
749 1363 819 1436 ἆνοὶ
836 1370 942 1459 μέρος

73 1468 184 1556 βύζων
197 1465 275 1547 τούς
290 1466 508 1556 στρατιώτας,
530 1471 587 1538 ἵνα
602 1472 718 1557 δοκοίη
732 1484 803 1550 τοϊς
819 1479 952 1562 πολεμίι

74 1570 200 1658 σκύφος
216 1577 321 1659 ἔχειν,
338 1568 434 1660 ἤσκει
447 1574 516 1640 τών
533 1568 681 1662 τριήρων
693 1566 843 1642 ἆπασών
858 1573 901 1646 τὰ
915 1583 952 1645 πλ

73 1701 170 1764 ματα.

415 1849 442 1904 8.
461 1847 700 1910 ΑῬΞΙΛΑΙΔΔΣ.

147 1961 354 2067 Ἀρξιλαλδας
369 1971 386 2044 ὁ
399 1972 542 2063 Λύκων,
563 1974 646 2064 μετὰ
659 1978 912 2069 στρατεύματος
925 1985 952 2052 δι

74 2079 235 2170 ρεύεσθαι
256 2082 388 2166 μέλλων
407 2074 490 2148 ὁδδν
502 2075 672 2167 ὕποπτον,
693 2076 770 2171 δμη
783 2083 952 2174 προῄδεις

72 2209 193 2273 μενον,
221 2184 382 2268 ἐλογίζετο
411 2180 448 2250 δὲ
475 2181 644 2251 δύνασθαι
664 2186 844 2272 γενέσθαι,
871 2191 952 2256 τούτ

73 2282 295 2374 προεγνωκώς
322 2280 505 2373 ἀπήγγειλε
524 2290 572 2377 τῷ
599 2284 744 2374 πλήθει,
771 2289 830 2357 καί
858 2308 952 2379 προσι

73 2389 375 2475 διεσκευασμένους
388 2384 471 2476 πρὸς
484 2385 593 2476 μύχην
608 2383 817 2478 ὁδοιπορεῖν,
833 2387 880 2472 ώς
893 2396 952 2461 τώι

72 2496 197 2580 λεμίων
211 2488 398 2577 λοχώντων.
432 2485 528 2559 Κατὰ
543 2488 648 2579 τύχην
663 2492 701 2562 δὲ
716 2488 952 2582 εύρεδέντοςρ

71 2603 134 2664 λου
163 2592 280 2680 λόχου,
308 2587 353 2672 ώς
378 2587 422 2660 ἂν
442 2588 483 2663 ού
503 2592 677 2680 προειδόσι
695 2592 758 2684 τὴν
777 2601 849 2666 τών
868 2606 952 2667 πολε

72 2692 306 2784 παρασκευὴν,
342 2691 442 2775 αύτός
479 2694 617 2817 ρθύσας
652 2697 793 2768 ἐπέθετο
825 2700 885 2770 καί
913 2703 952 2792 ῥρ

70 2794 220 2876 ἅπαντας
234 2797 412 2886 διέφθειρε
434 2793 512 2877 τούς
526 2798 807 2891 ἐνεδρεύσαντας,
820 2806 871 2897 τῷ
883 2829 951 2895 προ

72 2899 277 2971 εσκενύσδαι
290 2900 612 2990 καταστρατηγησας.

464 3081 490 3133 9.
507 3082 643 3136 ΙΣΙΔΑΣ.

143 3203 261 3286 Ἰσίδας
282 3200 300 3274 ὁ
320 3203 444 3275 Λύκων
463 3203 546 3295 μετὰ
567 3204 628 3297 τὴν
643 3208 722 3297 περὶ
734 3211 893 3299 Λεῦκτρα
903 3230 952 3299 συ,

70 3307 150 3397 ρίιυ,
177 3307 326 3394 Γύθιον,
354 3305 391 3376 τό
417 3314 476 3398 τῆς
494 3310 656 3401 Σπύρτης
677 3313 846 3399 ἐπίνειον,
874 3321 952 3402 Θηβ,

68 3417 261 3501 ἔμφρουρον
277 3409 507 3500 ποιησάντων,
523 3409 642 3484 ἑκατὸν
655 3409 834 3504 ἡλικιώτας
847 3440 952 3486 κοινω

67 3511 287 3605 προσλαβών,
320 3520 401 3585 λίπα
427 3542 463 3585 τε
493 3517 650 3607 ἐποίησεν
676 3515 799 3600 αύτούς
823 3513 952 3603 ιἰλείψα
