2318 3892
68 171 129 232 326
456 167 643 226 ΒΙΒΛΙΟΝ

71 339 180 428 πατὴρ
191 345 248 427 τῆς
262 335 484 428 ἀνηρημένης,
498 339 555 406 καὶ
569 338 768 424 διαπέμπων
780 334 846 406 ἀπὸ
859 340 917 431 της
931 355 1035 424 προσ-

73 448 210 532 ηγορίας
223 444 285 510 τοῦ
297 441 552 528 πεφονευμένου
560 440 741 520 παιδὸςκαλ
754 444 812 529 τῆς
828 435 1037 530 ἀνῃρημένης

74 551 263 635 Βερονίκης
270 539 314 625 ὡς
328 548 376 612 έτι
391 540 524 627 ζεόντων
539 541 728 630 ἐπιστολάς,
748 539 814 612 ἀπό
827 548 888 613 τοῦ
905 543 1038 629 Ταύρου

75 650 169 738 μέχρι
183 652 239 736 τῆς
249 642 388 735 Ἰνδικῆς
401 645 501 735 χωρὶς
514 646 661 732 πολέμου
675 646 730 715 καλ
742 645 849 736 μάχης
867 646 1036 735 ἐκράτησε,

75 757 122 842 τῷ
138 748 382 839 στρατηγήματι
395 752 451 836 τῆς
464 755 679 836 Παναρίστης
691 748 907 838 χρησάμενος.
1058 777 1069 814 ε

461 892 498 951 51.
518 894 653 948 ΘΕΑΝΩ.

154 1003 271 1073 Θεανώ
285 1009 484 1072 Παυσανίου
505 1002 629 1091 μήτηρ,
649 999 749 1090 ἡνίκα
761 1011 962 1083 Παυσανίας
980 1031 1035 1091 μη-

78 1114 177 1191 δίζων
190 1103 291 1185 άλοός
304 1108 493 1192 κατέφυγεν
507 1108 615 1194 ίκέτης
629 1109 662 1184 ές
674 1102 712 1173 τό
726 1103 817 1194 ίερόν
829 1111 888 1194 τῆς
898 1103 1034 1193 Ἀθηνᾶς

76 1214 134 1297 της
148 1213 359 1292 Χαλκιοίκου,
367 1204 452 1276 ὅθεν
465 1203 655 1276 ἀποσπάσαι
668 1205 728 1277 τόν
737 1201 969 1298 ίκέτηνοόκῆν
981 1209 1032 1277 δέ·
1071 1266 1073 1287 ;

74 1339 142 1399 μις,
151 1308 236 1397 αὕτη
250 1307 391 1398 πρόττόν
401 1303 513 1378 ἀλλων
527 1306 713 1399 ἀφικομένη
723 1310 1030 1399 πλίνθονπρόςταλτ
1043 1342 1061 1383 ιι

39 1429 42 1435 ’
77 1412 201 1501 θύραις
221 1409 432 1501 ἀπηρείσατο.
475 1416 521 1482 OC
537 1411 696 1493 Λάκωνες
717 1410 956 1503 θαυμάσαντες
981 1409 1031 1500 τὴν

78 1512 222 1604 ἀνδρίαν
234 1510 318 1603 όμοῦ
328 1517 384 1585 καὶ
399 1512 461 1603 τὴν
474 1522 608 1604 σοφίαν,
623 1516 759 1596 ἕκαστος
777 1522 927 1587 πλίνθον
945 1513 1029 1604 έυήρ·
1070 1560 1073 1587 ι

78 1640 159 1706 μοσε
185 1633 258 1698 ταῖς
283 1616 424 1707 θύραις,
457 1613 541 1686 όόστε
562 1614 662 1706 ἀμφω
683 1619 863 1707 γενέσθαι,
884 1617 962 1689 οότε
983 1614 1031 1688 τόν

79 1722 191 1809 ίκέτην
215 1716 412 1790 ἀπέσπασαν
440 1716 574 1790 καὶτὸν
593 1718 762 1810 προδότην
781 1718 1030 1810 έναποικοδομη-
1053 1714 1057 1731 ’

78 1844 195 1902 σαντες
210 1824 422 1909 διέφθειραν.
1044 1856 1059 1896 ιι
1067 1862 1073 2075 ρ

421 1965 462 2020 52.
482 1968 697 2022 ΔΗΙΔΑΜΕΙΔ.

155 2076 344 2166 Δηϊδάμεια
357 2073 498 2165 Πύρρου
512 2075 666 2165 θυγάτηρ
674 2073 881 2167 Ἀμβρακίαν
899 2084 1034 2149 καταλα-

80 2179 222 2269 βομένη,
242 2182 428 2268 τιμωρῆσαι,
443 2185 641 2271 Πτολεμαίφ
656 2181 923 2268 δολοφονηθέντι
941 2205 1035 2271 προε·

80 2283 221 2371 λομένη,
249 2282 552 2370 πρεσβευσαμένων
576 2278 791 2370 Ἠπειρωτῶν·
812 2280 871 2353 τόν
896 2282 1038 2372 πόλεμον

81 2386 239 2454 κατέθετο
263 2386 317 2453 ἐπὶ
338 2388 385 2475 τῷ
407 2381 466 2452 τὸν
481 2389 605 2474 κλῆρον
618 2385 674 2453 καὶ
691 2382 749 2465 τός
762 2383 858 2474 τιμάς
872 2390 942 2455 τῶν
960 2413 1067 2476 προ-ιι

81 2486 193 2572 μόνων
202 2492 300 2575 ἔχειν.
321 2486 389 2554 Καὶ
403 2490 552 2574 λαβοῦσα
565 2491 692 2566 πίστεις
702 2487 904 2578 ἐξηπατήθη·
919 2509 1038 2559 συντα-

80 2589 215 2677 ξάμενοι
227 2586 291 2678 γάρ
302 2592 370 2657 τοῖν
381 2583 593 2674 Ἠπειρωτῶν
605 2589 694 2670 τινὲς
704 2591 859 2681 Νέστορα
871 2595 942 2660 τοῖν
953 2588 1038 2661 Ἀλε-

80 2690 226 2777 ξάνδρου
252 2691 548 2779 σωματοφυλάκων
568 2687 793 2781 ἀναιρήσοντα
820 2689 929 2781 αὐτὴν
955 2697 1039 2765 είσέ·

79 2807 224 2880 πεμψαν.
254 2790 290 2860 Ὁ
310 2792 348 2860 δὲ
365 2790 453 2862 κάτω
478 2791 648 2862 νεάσασαν
675 2794 846 2875 αἰδεσθείς
864 2797 923 2865 καὶ
942 2824 1040 2866 κατα-

58 2936 66 2983 ·.
80 2897 216 2983 πλαγελς
230 2890 442 2983 ἀνέστρεψεν.
467 2891 510 2962 Ἡ
520 2894 558 2963 δέ
577 2897 768 2983 κατέφυγεν
780 2899 815 2977 ές
827 2896 865 2966 τό
878 2897 973 2988 ίερόν
985 2903 1041 2988 τῆς
1057 2930 1073 2970 υ

76 2993 259 3087 Ἡγεμόνης
269 2993 473 3086 Ἀρτέμιδος·
494 3002 618 3066 Μίλων
632 2997 687 3085 δὲ,
701 3005 813 3070 αίτίαν
822 3004 910 3088 έχων
923 2996 969 3082 ὥς
982 3000 1043 3090 τὴν

80 3095 185 3168 αὑτοῦ
206 3099 330 3189 μητέρα
351 3101 546 3185 Φιλωτέραν
564 3096 782 3187 ἀποκτείνας,
809 3092 965 3195 ὅρμησαν
989 3102 1041 3175 ἐπ’

82 3198 189 3289 αότην
206 3197 420 3291 ὡπλισμένος.
445 3195 487 3269 Ἡ
498 3201 535 3271 δὲ
549 3197 742 3291 ἀνεβόησεν·

125 3299 189 3373 “‘0
202 3302 432 3393 μητροφόντης
447 3306 502 3373 ἐπὶ
516 3303 611 3397 φόνφ
624 3305 766 3394 πράσσει
784 3303 929 3395 φόνον.”

84 3411 188 3475 Τοῦτο
202 3407 308 3495 μόνον
322 3403 429 3494 αὐτὴν
450 3405 659 3494 έκβοήσασαν
672 3403 690 3477 ό
705 3416 830 3479 Μίλων
843 3406 1043 3482 ἀπέκτεινεν
1060 3448 1073 3488 ι

77 3511 119 3576 έν·
129 3513 178 3601 τῷ
191 3511 320 3597 τεμένει
334 3513 391 3597 τῆς
406 3512 500 3578 θεοῦ.
