2318 3892
483 137 712 201 ΠΕΜΠΤΟΝ.
1019 140 1078 202 197

108 315 300 399 πολεμίοις,
334 307 480 390 πολλούς
513 308 627 381 αύτύυ
654 319 801 400 φθείρας
828 311 1076 395 διεξεπαίσατο·

108 411 214 494 αύτδς
226 413 290 502 μὲν
309 410 374 504 γόρ
388 410 426 483 τό
439 416 581 484 ἐκείνων
594 411 754 503 ήπίστατο
768 413 942 504 σύνθημα,
956 432 1025 497 τοῖς
1039 418 1076 487 δέ

108 506 155 607 ῆν
168 513 293 607 ἀπορία
313 523 488 605 γνωρίζειν
502 520 539 586 ἐν
553 517 660 612 σκότφ
675 516 752 598 τούς
766 524 929 607 οἰκείους,
950 517 995 609 μή
1011 526 1072 590 δυ-

109 621 270 711 ναμένοις
285 616 342 688 διὰ
355 625 417 690 τού
430 618 656 708 συνθήματος.

79 823 92 863 ο
435 796 475 855 17.
492 801 745 854 ΗΡΑΚΛΕΙΔΗΣ.

188 922 381 1014 Δημήτριος
401 920 624 1015 Ἡρακλείδην
658 924 794 1014 φύλακα
825 930 894 995 τῶν
918 923 1124 1016 Ἀθηνοόνω

111 1026 275 1110 συντάξας
288 1025 388 1108 αύτός
400 1029 463 1116 μὲν
477 1021 520 1117 ῆν
532 1031 608 1119 περὶ
622 1026 685 1118 τήν
693 1035 837 1098 Λυδίαν.
867 1034 913 1099 Os
923 1030 961 1099 δέ
970 1051 1071 1119 στρα-

108 1133 207 1220 τηγοὶ
238 1135 307 1201 ταῖν
324 1127 516 1218 Ἀθηυαίων
541 1135 578 1202 έν
605 1127 783 1224 ἀπορρήτῳ
807 1132 1073 1221 βουλευσόμενοι
1155 1139 1157 1143 ⁴

57 1222 66 1235 ’
110 1230 170 1304 τόν
190 1231 332 1321 ξεναγόν
346 1229 524 1324 Ἱεροκλέα,
542 1239 641 1323 Κοῖρα
660 1240 707 1328 τῷ
726 1238 833 1322 γένει,
854 1240 992 1306 ἔπεισαν
1009 1261 1071 1306 νυ-

76 1365 97 1407 ω
111 1332 324 1419 κτδςόινοίξαι
336 1333 394 1416 τοίς
405 1337 512 1418 πύλας
522 1340 577 1407 καὶ
587 1339 748 1420 δέξασθαι
761 1337 964 1425 στρατιώτας
970 1335 1071 1408 Ἀττι-

111 1437 204 1525 κους,
218 1445 252 1509 ολ
263 1444 440 1509 κτευούσιν
450 1436 682 1529 Ἡρακλείδην.
715 1445 826 1509 Ταῦτα
839 1440 902 1530 μὲν
916 1439 958 1529 δή
971 1443 1071 1512 συνέ-

110 1553 217 1612 θεντο
237 1541 328 1631 παρὰ
349 1540 408 1612 τὸν
423 1539 580 1629 Ἰλισσόν,
603 1533 645 1611 οὗ
665 1540 725 1611 τόν
748 1541 925 1632 καθαρμὸν
938 1549 1072 1614 τελοῦσι

109 1659 180 1727 τοῖς
194 1645 344 1715 ἐλάττοσι
358 1652 552 1734 μυστηρίοις
560 1699 569 1732 ,
579 1642 759 1734 Ἱππάρχου
773 1647 829 1714 καὶ
843 1646 1072 1736 Μνησιδήμου

110 1753 309 1837 στρατηγῶν
323 1743 420 1835 ὅρκια
435 1747 565 1817 δόντων
579 1749 636 1817 καί
651 1747 835 1835 λαβόντων.
857 1743 1022 1839 Ἱεροκλῆς
1035 1749 1074 1819 δὲ

56 1876 93 1921 -ιτ
110 1849 228 1931 πιστός
249 1846 449 1939 Ἡρακλείδῃ
475 1850 654 1939 γενόμενος
682 1849 827 1940 ἐμήνυσε
854 1848 917 1941 τήν
942 1855 1073 1941 πρᾶξιν.

103 1951 141 2024 ‘0
154 1953 192 2023 δὲ
206 1955 412 2041 συνέπραττε
421 1951 554 2044 νύκτωρ
567 1951 689 2034 αύτούς
698 1955 909 2036 εἰσδέξασθαι
917 1950 1071 2038 ἀνοίξαν-

107 2059 164 2139 τές
176 2083 209 2125 τι
231 2055 330 2145 μέρος
344 2061 433 2140 [τῶν]
443 2062 572 2128 πολύν.
598 2055 719 2146 Καίδή
732 2054 852 2136 νυκτός
866 2059 1073 2139 εἰσεδέξαντο

108 2165 347 2246 τετρακοσίους
360 2160 417 2227 καί
432 2168 537 2228 εἰκοσι
552 2156 695 2246 ἄνδρας,
715 2149 764 2228 ὧν
776 2155 921 2247 ἡγοῦντο
936 2167 1070 2248 Μνησί·

109 2266 233 2351 δημος,
247 2267 441 2349 Πολυκλῆς,
456 2263 706 2350 Καλλισθένης,
729 2259 942 2350 Θεόπομπος,
957 2262 1071 2331 Σύτυ-

60 2396 93 2443 20
111 2391 191 2453 ρος,
202 2361 431 2453 Ὀνητορίδης,
446 2363 701 2453 Σθευοκρότης,
716 2370 880 2433 Πυθίων·
898 2362 1072 2450 Ἡρακλεί-

107 2472 173 2555 ’δης
183 2466 222 2536 δὲ
234 2465 435 2556 στρατιώτας
445 2471 628 2554 δισχιλίους
643 2463 873 2554 ὡπλισμένους
886 2471 1072 2555 ἐπαφῆκεν,

108 2575 146 2639 οἳ
160 2568 288 2650 πάντας
301 2565 425 2651 αύτούς
439 2567 657 2648 εἰσελθόντας
670 2568 869 2656 ἐφόνευσαν.

328 2749 582 2816 [ΗΡΑΚΛΕΙΔΗΣ
599 2747 858 2818 mmmmm]

181 2864 400 2959 Ἡρακλείδης
412 2882 615 2959 Ταραντῖνος
628 2870 831 2961 ἀρχιτέκτων
838 2867 998 2957 ὑπέσχετο
1008 2879 1070 2939 Φι-
1080 2875 1124 2955 (2)

66 3012 94 3053 ²5
112 2978 239 3067 λίππφ,
253 2978 301 3067 τῷ
314 2975 415 3063 πατρί
423 2975 592 3061 Περσέως,
606 2975 707 3060 μόνος
719 2972 946 3061 καταπρήσειν
959 2968 1072 3042 τὸῬο-

111 3083 199 3149 δίων
212 3076 385 3147 ναυτικόν.
411 3077 479 3146 Καὶ
494 3074 536 3165 δή
548 3075 622 3146 τότε
637 3080 831 3164 στρατηγῶν
844 3079 1017 3164 προῆλθεν
1035 3078 1073 3145 έκ

108 3184 172 3270 τῆς
191 3174 298 3268 αὐλῆς
322 3184 384 3248 τού
404 3185 578 3256 Φιλίππου,
605 3169 724 3266 σημεῖα
749 3183 858 3256 αἰκίας
886 3183 988 3265 ἔχων,
1018 3179 1074 3248 καί

73 3284 78 3291 ’
111 3286 218 3375 βωμῷ
244 3283 460 3372 προσέφυγεν
487 3286 653 3371 ἱκετηρίας
676 3277 791 3367 λαβών
811 3280 867 3349 καί
898 3277 988 3368 παρὰ
1013 3285 1075 3348 τοῦ

111 3383 270 3473 πλήθους
290 3389 387 3455 ἔλεον
400 3383 611 3471 αἰτούμενος·
634 3379 718 3453 ὥστε
730 3374 817 3471 ῆσαυ
830 3385 898 3451 τῶν
912 3381 1072 3452 Μακεδό-

66 3527 93 3569 ³0
112 3514 207 3574 νων,
234 3480 286 3569 οἷς
312 3485 423 3558 ἐδόκει
448 3491 555 3556 ταῦτα
581 3482 626 3576 μή
648 3491 786 3568 δικαίως
806 3495 941 3556 παθεῖν.
979 3481 1015 3556 ‘0
1036 3485 1074 3555 δὲ
