2318 3892
95 164 158 227 264
484 162 670 224 ΒΙΒΛΙΟΝ

98 339 136 406 ἐν
153 332 238 424 άλλη
264 334 302 404 δέ
328 330 428 414 αὐτὸς
455 331 685 404 ἐκινδύνευεν.
727 336 773 402 Ol
798 330 837 403 δὲ
865 334 1064 424 ἐπιθέμενοι

100 437 338 526 ἐγνώσθησαν,
355 433 423 505 ύπδ
435 441 495 506 τοῦ
509 435 672 525 σχήματος
684 437 963 524 ἐξαπατηθέντες.

67 562 84 614 5
178 540 338 629 Δατάμης
356 543 546 628 πολιορκῶν
565 538 747 625 Σινώπην,
773 538 955 629 γράμματα
975 536 1065 628 παρά

100 645 264 731 βασιλέως
289 642 467 731 δεξάμενος
492 637 556 711 ούκ
583 643 705 721 ἐῶντος
731 650 948 731 πολιορκεῖν,
982 637 1064 710 άνα·

99 743 202 832 γνούς
222 744 452 833 προσεκύνησε
474 742 535 833 τὴν
557 740 735 831 ἐπιστολὴν
747 745 804 813 καὶ
818 750 949 815 ἔθυσεν
963 739 1062 830 εύαγ·
1077 772 1087 811 ι

101 847 212 935 γε’λια,
234 843 279 927 ώς
299 846 426 935 μεγάλα
449 842 490 934 δὴ
512 843 626 970 άγριθδι
641 843 732 934 παρὰ
748 846 916 934 βασιλέως
930 844 1063 935 λαβών·

101 951 156 1019 καὶ
172 948 293 1029 νυκτός
306 947 475 1035 ἐπιβάς
436 975 493 1036 της
507 946 590 1028 νεώς
603 944 826 1019 ἀπέπλευσεν.

67 1063 86 1119 6
179 1052 338 1141 Δατάμης
350 1047 621 1175 Αὐτοφραδάτην
642 1048 809 1121 διώκοντα
828 1048 975 1139 φεύγων
987 1039 1111 1138 ἦκεν1

102 1151 202 1241 ἐγγύς
222 1158 390 1241 ποταμοῦ·
423 1150 482 1221 τόν
503 1151 541 1220 δὲ
560 1148 667 1240 πόρου
685 1148 841 1233 ἐκκλίνας
859 1150 1066 1242 προσεποιη-

85 1246 183 1325 ’σατο
202 1253 499 1379 στρατρπεδεύειν,
519 1252 577 1334 τάς
598 1253 661 1342 μέν
680 1261 837 1343 μεγίστας
857 1251 1110 1347 πολύμηλον

101 1355 200 1435 τάτας
214 1355 338 1444 σκηνάς
353 1353 436 1424 κατά
449 1354 630 1445 πρόσωπον
643 1354 832 1446 σκηνώσας,
850 1383 894 1426 τοι
882 1355 949 1427 δέ
968 1378 1066 1429 σκευ-

102 1457 210 1547 οφόρα
224 1458 319 1528 λύειν
333 1455 479 1528 ὄπισθεν
491 1454 553 1527 οὐκ
568 1460 667 1540 ἐάσας
672 1510 683 1545 ,
697 1457 772 1529 άλλῖ
787 1457 869 1529 οὐδὲ
881 1473 955 1541 τοῖς
967 1481 1066 1549 στρα·

103 1559 237 1640 τιώταις
253 1556 447 1629 ἀποθέσθαι
469 1559 509 1629 τά
529 1558 616 1630 ὅπλα
635 1563 824 1650 ἐπιτρέψας.
856 1566 905 1631 Os
913 1564 1067 1651 πολέμιοι

102 1658 160 1742 τάς
175 1661 298 1751 σκηνάς
311 1659 456 1750 ὁρώντες
468 1663 524 1731 καὶ
544 1659 639 1732 αύτοδ
660 1662 940 1753 κατεσκήνωσαν,
959 1667 1019 1735 καί
1029 1661 1068 1734 τά

103 1764 296 1853 σκευοφόρα
318 1767 492 1850 διέλυσαν,
519 1765 575 1834 καὶ
591 1761 669 1844 τούς
694 1769 820 1847 ἵππους
842 1760 995 1856 -άφῆνοιν
1014 1766 1111 1836 ἐνίει

103 1863 230 1954 νομὴν,
250 1867 307 1935 καὶ
324 1871 521 1954 παρασκευῇ
535 1871 596 1934 τοῦ
616 1871 759 1936 δείπνου
775 1882 968 1957 προσεῖχον.
996 1879 1065 1938 Λο-
1105 1892 1111 1904 ·

104 1967 226 2056 τάμης,
247 1970 381 2055 ἑτοίμην
401 1968 457 2035 καὶ
478 1971 764 2057 διεσκευασμένην
777 1978 864 2058 ἔχων
882 1968 948 2058 τὴν
963 1970 1066 2041 δύνα-

103 2097 181 2158 μιν,
198 2066 254 2136 διά
267 2074 328 2138 τοῦ
341 2074 492 2156 ποταμοῦ
510 2069 694 2158 διήγαγεν..
711 2077 758 2141 Οί
766 2072 918 2159 πολέμιοι
934 2078 1067 2144 διεσκε-

105 2172 278 2259 δασμένην
303 2169 366 2260 τὴν
392 2170 538 2259 δύναμιν
566 2168 680 2242 αύτώυ
706 2176 771 2254 ἕως
796 2171 990 2245 ἀνεκάλουν
1012 2175 1069 2244 καί

104 2274 326 2360 συνέλεγον
300 2301 358 2397 κριι
346 2274 580 2344 συνέταττον
596 2278 653 2344 καὶ
669 2273 748 2357 τούς
766 2280 893 2357 ιππονς
905 2275 1064 2347 ἐνεσκεύε
1079 2298 1099 2342 τι

105 2380 182 2456 αζον
211 2372 329 2445 καὶ
292 2403 333 2445 τα
356 2372 443 2444 ὅπλα
469 2373 769 2465 άνελάμβανον,ο
770 2378 880 2517 ίπερδ
902 2378 1111 2470 Δατάμην.

103 2474 297 2563 φθάσαντες
329 2475 465 2571 ώχοντο.

69 2587 86 2642 7
180 2579 341 2668 Δατάμης
368 2584 538 2669 πολεμίοις
563 2578 800 2666 παρετάσσετο.
840 2576 897 2650 ’Em
919 2586 971 2677 τῷ
992 2608 1068 2653 κιν-

104 2678 198 2772 δύυφ
218 2709 276 2768 της
296 2683 400 2770 μάχης
419 2687 583 2770 ἵππαρχος
596 2679 662 2752 άπὸ
676 2683 782 2772 κέρως
796 2678 979 2772 εὐωνύμου
990 2682 1070 2765 τούς

104 2780 418 2871 ἱππέαςάναλαβών
431 2781 609 2872 ηὐτομόλει
626 2783 709 2874 πρὸς
726 2783 806 2866 τούς
817 2787 1017 2869 ἐναντίους·
1033 2783 1101 2855 ’οσ

104 2883 142 2953 δὲ
164 2896 233 2963 τοῖς
252 2892 361 2967 πεζοῖς
383 2882 655 2973 καταπεπληγόσι
673 2884 735 2975 τὴν
755 2892 944 2976 προδοσίαν
958 2914 1068 2979 παρα-

102 2988 197 3056 θέων
203 2982 286 3075 ὅλην
293 2984 356 3075 τὴν
363 2985 521 3075 φάλαγγα
533 2997 677 3077 θαρρεῖν
690 2987 945 3078 παρεκελεύετο,
953 2986 1000 3073 ώς
1012 2992 1071 3063 καὶ

102 3093 172 3157 τών
193 3092 323 3159 ίππέειν
350 3092 514 3182 ε’νκαιρῷ
532 3094 873 3180 συνεπιθησομένσν,
893 3088 943 3163 ,δν
967 3090 1070 3175 αύτδς

104 3199 156 3278 εἴη
179 3191 345 3272 δεδωκώς.
375 3188 593 3260 Ἐπίστευσαυ
612 3197 647 3262 οί
664 3195 772 3280 πεζοὶ,
793 3200 980 3283 προλαβεῖν
998 3202 1071 3267 τοῖν

103 3294 234 3361 ίππέειυ
251 3291 313 3381 τὴν
340 3299 439 3382 νίκην
460 3299 645 3380 ἔσπευσαν,
669 3297 726 3365 καὶ
747 3292 844 3365 αὐτοὶ
863 3296 988 3379 πάντες
1008 3295 1067 3369 εύ·
1082 3324 1105 3365 ιο

102 3394 237 3482 ρώστως
251 3395 452 3482 ἐμβαλόντες
464 3410 533 3475 τοῖς
546 3403 716 3485 πολεμίοις
728 3400 899 3487 ἐνίκησαν·
913 3399 1065 3491 κκδμετύ

100 3493 163 3584 τὴν
175 3503 275 3585 νίκην
287 3504 417 3586 ἔμαθον
430 3496 493 3587 τὴν
506 3503 691 3590 προδοσίαν
700 3504 769 3571 τών
783 3501 926 3573 ἱππέων.

1103 1010 1111 1093 l¹
