2318 3892
357 272 362 283 ,
414 207 575 270 mrem„
931 206 972 269 99

82 378 268 470 Ἰφικράτης
287 375 449 468 ῦπάσχετο
468 395 538 462 τοῖς
556 378 771 469 στρατιώταις
789 378 852 469 τῆν
870 385 971 469 νίκην
989 395 1023 450 27

47 484 243 573 ιραδάσειν,
257 481 318 553 ἐάν
331 481 369 551 τδ
382 497 520 573 σημεῖον
527 481 668 572 ἄραντος
683 481 969 571 παραδρασύναν·

47 616 64 668 ς
84 585 248 675 άλλῆλους
271 591 308 655 ἓν
332 592 422 674 βῆμα
444 592 627 676 προβῦσιν.
648 577 711 655 Ἦν
724 585 786 673 μὲν
799 587 854 654 ἐπί
868 589 972 676 ῥοπῆς

47 691 168 779 ντάτης
180 686 202 778 ῆ
216 688 319 778 μάχη·
333 687 370 757 τό
385 689 422 758 δὲ
435 704 573 778 σημεῖον
588 680 671 778 ῆρεν
680 686 698 758 ὁ
708 687 901 777 στρατηγὸς,
915 692 971 756 καὶ

63 797 261 881 στρατιῶται
287 794 479 880 προέβησαν
510 792 790 877 ἐπαλαλάξαντες,
818 792 876 860 καὶ
895 789 972 870 τοῦς

47 903 190 983 ιλεμίους
201 892 365 982 ὠσάμενοι
379 899 412 975 ἐς
425 892 541 984 φνγῆν
558 902 710 982 ἔτρεψαν.

82 995 269 1088 Ἰφικράτης
289 1000 366 1086 περὶ
383 999 560 1086 Κόρινθον
571 993 762 1084 Ἀθηναίων
777 995 971 1086 ἐστρατήγει
988 1022 1023 1075 28

47 1100 246 1189 ιλεμούντων
268 1108 439 1189 Θηβαίοις.
483 1105 528 1170 OC
548 1100 611 1188 μὲν
634 1096 808 1189 Ἀθηναῖοι
836 1099 970 1188 σφόδρα

47 1213 187 1292 τείροντο
212 1200 364 1286 ἐξελθεῖν
388 1206 442 1274 ἐπὶ
464 1201 526 1294 τῆν
547 1203 673 1293 μάχην·
712 1200 897 1292 Ἰφικράτης
920 1203 969 1289 δὲ,

49 1314 97 1377 ὧν
116 1306 194 1386 τοῦς
212 1313 390 1395 πολεμίους
409 1314 566 1388 πλείονας
585 1309 642 1376 καί
660 1307 715 1376 ἐπί
734 1307 916 1399 προσφάτφ
930 1309 971 1394 τῆ

65 1409 247 1500 Λεύκτροις
268 1417 347 1499 νίκη
370 1416 721 1498 μεγαλοφρονοῦντας,
746 1407 788 1478 ού
810 1414 969 1498 προῆγεν,

47 1513 93 1583 ,λά
111 1515 166 1582 καλ
187 1510 270 1601 πρὸς
284 1511 406 1595 αῦτοῦς
420 1520 502 1602 ἔφη·
524 1509 542 1535 “
551 1509 635 1600 Ἐγά
652 1513 714 1601 μὲν
727 1508 812 1600 ύμῦς
825 1515 858 1593 ἐς
871 1518 969 1582 τοῦτο

47 1622 164 1705 ’δρείας
198 1614 405 1705 προήγαγον,
441 1612 526 1685 ὥστε
558 1629 786 1703 καταφρονεῖν
810 1619 970 1684 Βοιωτῶν
1088 1604 1090 1611 ’

47 1720 196 1788 ἱνασθαι·
209 1724 281 1787 ’τάν
296 1719 333 1787 δὲ
341 1720 423 1806 ἐμοῦ
436 1716 639 1806 κρειττόνων
652 1721 847 1805 στρατηγῶν
860 1741 968 1805 παρα·

47 1823 125 1909 εβάν
138 1847 188 1899 τις
200 1816 287 1908 ῦμάς
307 1816 513 1909 προαγέτω.”
551 1815 668 1900 Οῦτως
687 1814 757 1889 εἷλε
775 1816 853 1900 τοῦς
866 1816 968 1908 Ἀθη-

47 1931 143 2008 είονς,
161 1925 217 1992 καλ
231 1929 289 2011 τῆς
305 1918 408 2013 ὁρμῆς
422 1921 611 1994 ἐπαύσαντο
624 1929 667 2012 τῆ
679 1920 769 2010 παρά
783 1927 970 2013 στρατηγοῦ

51 2033 118 2118 ετῆ,
132 2024 176 2115 μῆ
189 2029 432 2115 συνεξορμῆσαι
444 2041 514 2108 τοῖς
527 2027 871 2117 προεξανισταμένοις,
884 2023 968 2096 άλλά

47 2160 65 2199 ν
78 2128 192 2217 θυμὸν
204 2126 317 2199 αύτάν
330 2135 478 2225 λογισμῷ
490 2145 678 2217 κατασχεῖν.

80 2231 266 2320 Ἰφικράτης
279 2239 460 2320 προδοσίας
476 2239 575 2322 δίκην
588 2239 751 2321 ἔφευγεν,
762 2229 969 2320 Ἀριστοφῶν
986 2243 1020 2297 29

47 2339 64 2405 τὶ
85 2336 198 2424 Χάρης
216 2339 374 2405 ἐδίωκον·
395 2343 486 2405 αίτία
505 2336 542 2405 δὲ
556 2327 616 2423 ῆν,
642 2332 693 2404 ὅτι
714 2333 779 2423 άρα
798 2331 967 2423 περλἝμ-

47 2468 93 2507 ιτα
116 2438 302 2526 δυνάμενος
323 2441 412 2508 ἑλεῖν
430 2437 508 2518 τούς
531 2444 711 2526 πολεμίους
731 2435 772 2506 οῦ
785 2436 967 2523 διεναυμά-

49 2565 119 2610 σεν.
148 2538 256 2627 Ὁρῦν
268 2539 306 2610 τὸ
325 2539 540 2629 δικαστήριον
560 2536 815 2628 ὑποφερόμενον
829 2544 876 2620 είς
889 2536 967 2607 τού-

47 2651 156 2729 ῑντίον,
170 2644 348 2732 τοῦλόγου
361 2643 550 2731 παυόμενος
558 2643 735 2731 παρέφηνέ
742 2668 812 2722 πως
821 2640 859 2712 τό
874 2644 969 2731 ξίφος

47 2765 76 2828 ῑς
95 2753 282 2827 δικασταῖς·
304 2751 339 2816 οί
358 2746 396 2816 δὲ
409 2751 666 2826 καταδείσαντες
679 2743 724 2835 μῆ
743 2743 806 2835 τῆν
819 2748 969 2832 ἑταιρίαν

47 2881 91 2939 ην
119 2854 291 2933 ἐξοπλίσας
316 2849 501 2922 κυκλοόσειε
528 2847 565 2918 τό
586 2849 818 2939 δικαστήριον,
845 2847 969 2938 άφεσιν

47 2960 99 3047 ’τῷ
119 2952 241 3032 πάντες
266 2957 482 3041 ἐψηφίσαντο.
520 2952 619 3022 Μετά
637 2951 699 3043 τῆν
712 2960 812 3039 νίκην
825 2959 968 3036 ψιθυρί-

47 3056 126 3136 ντός
142 3084 250 3136 τινος,
274 3053 321 3136 ὡς
333 3056 584 3143 παρεκρούσατο
596 3054 675 3135 τοῦς
692 3051 864 3140 δικαστάς,
874 3049 968 3122 ’Ἐύ-

47 3181 94 3248 »ης
108 3155 150 3229 άν
164 3155 264 3247 είην,”
281 3165 357 3248 ἔφη,
367 3156 475 3249 “bubo
486 3156 679 3248 Ἀθηναίων
692 3159 754 3246 μὲν
764 3161 969 3246 στρατηγῶν,

47 3265 93 3350 τερ
109 3265 254 3350 ἐμαυτοῦ
268 3262 306 3331 δὲ
320 3260 402 3351 πρὸς
411 3259 612 3351 Ἀθηναίους
628 3257 779 3350 μηκέτι.”

79 3364 266 3454 Ἰφικράτης
279 3367 316 3434 ίν
330 3362 453 3458 άπορίηι
465 3364 643 3454 χρημάτων
664 3370 796 3433 ἔπεισεν
808 3359 964 3449 Ἀθῆναί·
984 3375 1018 3429 30

47 3497 68 3550 ς
80 3468 121 3539 τά
143 3464 350 3557 ῦπερίηοντα
369 3473 438 3538 τόν
450 3465 726 3556 οἰκοδομημάτων
739 3469 773 3546 ἐς
785 3463 844 3545 τάς
863 3470 965 3553 δημο-

47 3601 102 3654 ονς
122 3568 223 3654 ὁδούς
244 3568 449 3643 άποπόπτειν
470 3567 725 3662 ῆπιπράσκειν,
746 3565 832 3639 ὥστε
851 3572 886 3638 οί
910 3573 965 3638 δε-

775 3687 820 3744 γε
