2318 3892
121 172 162 234 96
509 167 692 229 ΒΙΒΛΙΟΝ

68 364 102 416 14
191 340 377 431 Ἰφικράτης
399 347 577 430 πολεμίους
594 338 803 430 τρεψάμενος
822 342 859 423 ές
872 345 1028 432 χωρίονσ

118 446 181 517 νόν
195 445 398 534 συνήλασεν
415 440 503 533 ὁράν
514 445 551 514 δὲ
566 450 732 533 μηδεμίαν
744 439 830 514 ὁδὸν
842 441 1028 535 άναχωρήσ.

120 547 241 630 αύτούς
262 555 412 637 ἔχοντας,
435 543 457 637 ἢ
478 546 585 636 μόνην
598 547 660 636 τὴν
679 549 717 615 έκ
729 552 791 618 τοῦ
804 552 915 618 νικᾶν
929 546 1028 637 άνάγι

120 651 236 738 είποδν,
246 648 328 740 “Μη
343 649 584 738 άναγκάσωμεν
596 647 748 738 άγαθούς
757 652 931 737 γενέσθαι
944 651 1028 734 τούςε

121 751 298 846 λεμίονς”,
319 760 446 823 ἔδωκεν
466 751 578 833 αὐτοῖς
598 751 681 843 πρὸς
700 751 737 822 τὸ
752 768 884 841 φυγεῖν
899 755 1022 843 καιρὸν

120 860 240 944 τύπον,
255 862 311 927 ἵνα
325 855 388 946 τὴν
400 863 499 945 νίκην
512 854 611 936 αὐτὸς
626 853 819 937 ἀκινδύνως
836 862 926 945 ἔχοι.

70 1007 103 1058 15
190 984 378 1075 Ἰφικράτης
398 983 549 1055 θανάτου
574 990 672 1072 δίκην
693 982 835 1072 φεύγων
855 989 1028 1077 παρεστήσ

120 1097 319 1168 νεανίσκους
333 1093 516 1176 ἐγχειρίδια
529 1089 742 1176 κατέχοντας,
766 1094 800 1157 οἳ
813 1098 1028 1180 παραφαίνοι

120 1209 190 1274 τοῖς
211 1198 380 1270 δικασταῖς
401 1188 460 1270 τάς
480 1188 583 1278 λαβάς
602 1187 708 1270 οὕτως
727 1187 852 1271 αύτούς
866 1196 1028 1283 κατέπληί

122 1293 206 1366 ὥστε
221 1295 429 1384 φοβηθέντες
443 1291 651 1363 άπεδίκασαν
665 1291 726 1382 τὴν
738 1298 850 1383 δίκην.

71 1445 104 1500 16
193 1420 380 1512 Ἰφικράτης
401 1423 458 1490 καὶ
481 1418 525 1502 ὡς
544 1419 604 1491 τὸν
626 1421 794 1510 κηδεστὴν
816 1419 940 1493 άπιοδν
961 1427 1016 1495 ἐπὶ

123 1530 236 1599 ἑστίαν
249 1524 307 1595 τὸν
316 1525 458 1615 θώρακα
471 1525 627 1596 ἐνεδύετο
641 1526 761 1613 λέγων,
772 1521 954 1597 “Μείετοό
968 1537 1028 1618 φοί

123 1627 278 1705 τεσθαι.”

73 1778 106 1833 17
190 1747 378 1838 Ἰφικράτης
407 1750 461 1817 καὶ
484 1750 521 1819 έν
534 1753 575 1837 τῇ
589 1754 686 1839 φιίίηι
699 1745 758 1817 τδν
778 1744 915 1835 χάρακα
939 1749 1028 1841 ἐβάλί

125 1847 337 1941 λέγων,“ού
350 1848 571 1941 στρατηγικὸν
590 1848 643 1937 τὸ,
660 1847 733 1920 Ούκ
747 1846 880 1945 ρέμην.”
915 1909 918 1915 .

73 1996 107 2052 18
196 1969 399 2060 Ἰφικράτης,
415 1975 594 2056 πολεμίους
608 1969 757 2058 ἐγγύθεν
777 1971 1021 2059 ἐπικειμένους

124 2085 204 2144 θεῖν
223 2072 426 2162 βουλόμενος
451 2074 508 2141 καὶ
534 2069 724 2153 άκινδύνως
742 2070 942 2161 ἀναζεῦξαι,
969 2071 1028 2145 ὅσα

126 2181 164 2247 ἐν
185 2182 231 2269 τῷ
250 2175 341 2270 τύπω
362 2177 488 2263 δένδρα
502 2178 696 2265 περιέκοψε,
711 2177 768 2245 καὶ
781 2175 1025 2266 προσήρτησεν

125 2295 194 2362 τοῖς
213 2277 372 2365 άσπίδας,
392 2278 518 2368 κράνη,
540 2278 675 2368 δόρατα.
719 2284 765 2348 Οἱ
788 2277 851 2368 μὲν
873 2279 922 2370 δὴ
945 2283 1028 2352 πολέ

126 2389 316 2471 φαντασίαν
334 2381 425 2469 εἶχον
443 2381 625 2470 μενόντων.
653 2379 842 2470 Ἰφικράτης
864 2381 905 2453 δέ
930 2382 1019 2474 μετὰ

126 2488 355 2576 στρατοπέδου
369 2483 493 2566 παντὸς
509 2481 668 2574 άσφαίάς
681 2482 867 2568 ἀνέζευξεν.

75 2633 109 2687 19
198 2603 403 2693 Ἰφικράτης,
433 2611 465 2674 εί
488 2605 550 2694 μέν
576 2611 712 2685 πλείους
736 2609 806 2674 τάν
827 2612 1009 2696 πολεμίων

128 2708 348 2794 στρατιώτας,
362 2706 565 2795 βουλόμενος
580 2716 709 2794 λαθεῖν,
724 2712 780 2778 ἵνα
794 2715 1028 2799 καταφρονούι

128 2807 251 2890 αύτούς
279 2809 393 2897 λάβοι,
419 2815 500 2897 μίαν
527 2809 668 2897 στιβάδα
694 2808 773 2891 τούς
799 2811 862 2883 δύο
888 2834 1028 2902 στρατιο

128 2915 262 2984 ἐκέλευε
289 2920 476 2998 ποιεῖσθαι,
509 2913 565 2982 ἐπὶ
588 2913 710 3002 ταύτης
730 2910 795 2983 άνά
817 2915 919 3004 μέρος
939 2914 1028 2985 άνατι

129 3029 229 3087 εσθαι
243 3017 298 3085 καί
311 3013 352 3085 τά
365 3011 451 3084 ὅπλα
465 3011 519 3084 ἐπ’
536 3011 662 3104 άίίηλα
674 3019 819 3086 τιθέναι.
845 3022 892 3086 Εἰ
905 3018 948 3087 δὲ
962 3016 1028 3106 ὀλίη

128 3127 213 3208 έχοι,
241 3117 330 3199 ὅπως
349 3115 394 3206 μὴ
415 3136 698 3208 καταφρονοῐντο,
725 3118 785 3190 τόν
812 3123 874 3190 ἕνα
886 3141 1028 3209 στρατια

129 3223 200 3292 δύω
219 3222 377 3311 στιβάδας
397 3232 567 3291 ποιεῖσθαι
588 3224 803 3312 προσέταττε,
829 3224 887 3293 καὶ
908 3226 1028 3313 ταχέως

127 3324 209 3396 άλλο
229 3331 352 3415 χωρίον
376 3332 604 3412 μετανίστατο.
648 3331 724 3397 Των
765 3326 801 3397 δὲ
828 3336 1005 3415 πολεμίων

129 3478 357 3493 -ι--υε-ύι-

199 3559 268 3623 Cap.
288 3558 313 3609 9.
348 3561 374 3622 §-
393 3560 437 3611 17.
473 3557 546 3612 Plut.
563 3559 756 3627 apophthegm.
775 3559 877 3628 Iphicr.
902 3563 929 3613 2.
