2318 3892
453 180 678 243 αικοωοα.
888 144 893 159 ’
967 178 1042 247 '275

80 354 168 416 ἔνθα
181 351 290 437 κεῖμαι
305 350 430 448 πυκναὶ
445 351 501 418 καὶ
514 346 598 430 λαως
611 349 716 431 πολὺς
730 354 787 429 καὶ
800 355 944 441 σταθμοί
958 364 1040 424 πολ-

77 457 143 520 λοί.
174 447 262 520 Ἐπεὶ
283 451 321 520 δὲ
334 448 433 531 ἀλλος
446 454 484 522 ἐν
503 449 594 545 άλλφ
614 460 755 548 σταθμῷ
771 454 950 544 κατήγετο,
973 485 1040 546 φυ-

79 558 183 640 λακῆς
207 559 345 644 ἰσχυράς
374 558 633 644 κυκλωσαμένης
662 554 720 638 τάς
746 556 875 645 κόμας,
904 562 1041 640 ἕκαστος

77 661 148 724 τῶν
162 655 387 744 σταθμοόχων
399 655 458 727 τόν
477 663 566 727 ίδιον
581 662 810 749 ἐπίστασθμον
825 651 863 728 εὗ
877 661 966 749 μάλα
979 689 1039 730 κα-

79 757 274 845 ταμεθύσας
290 756 480 829 ἀπέκτεινε·
502 758 542 828 τά
566 759 604 829 δὲ
618 759 753 849 σάματα
766 767 836 833 τοῖν
848 769 1042 853 τρισχιλίων

74 862 225 947 ταφέντα
240 859 295 929 διά
308 859 431 941 νυκτός
444 858 558 952 ἀφανῆ
570 863 734 959 ἐγένοντο.

426 1040 463 1097 41.
482 1043 695 1097 ΣΟΤΡΗΝΔΣ.

155 1163 333 1252 Σουρήνας
346 1172 560 1255 Παρθυαίων
571 1163 757 1256 ἡγούμενος
769 1168 945 1256 Κράσσον,
960 1165 1042 1254 μετὰ

76 1271 203 1354 πολλῆς
224 1263 322 1354 ἥττης
341 1264 581 1356 ἀναχωροῦντα
604 1270 661 1337 καὶ
681 1266 737 1339 διά
759 1275 828 1339 τάν
841 1267 1040 1359 όρειοτέρων

55 1407 56 1426 1
77 1365 213 1438 ὁδεύειν
237 1365 461 1457 κειρόμενον,
483 1367 544 1459 τὴν
559 1373 593 1452 ἐξ
612 1367 773 1451 ἀπονοίας
785 1371 895 1460 μάχην
909 1371 1037 1459 φοβοό-

74 1479 176 1559 μενος
189 1479 316 1559 ἔπεμψε
335 1469 545 1559 πρεσβευτὴν
560 1467 604 1552 ὡς
624 1469 729 1542 αὐτὸν
747 1477 905 1561 λέγοντα,
922 1469 1037 1544 “Συν.-

74 1579 210 1642 τίθεταί
221 1594 273 1641 σοι
288 1580 407 1661 φιλίαν
426 1571 585 1662 βασιλεὺς
602 1575 718 1662 μέγας·
743 1577 854 1658 δείξας
869 1571 1038 1663 Ῥωμαίοις

72 1673 218 1763 ἀνδρίαν
232 1682 297 1745 νῦν
312 1678 416 1756 δεῖξαι
430 1674 585 1763 βούλεται
600 1673 898 1765 φιλανθρωπίαν.”
923 1676 1037 1763 Κράσ-

72 1798 132 1857 σος
147 1776 248 1846 δόλον
260 1773 479 1865 ἀφορώμενος
493 1775 556 1846 οὐκ
570 1780 748 1847 ἐπείθετο,
771 1782 816 1846 Ol
827 1783 1038 1865 στρατιῶται,

73 1876 288 1968 ἀθυμοῦντες
308 1881 365 1947 καὶ
389 1876 622 1967 ἀπειρηκότες,
649 1872 824 1967 ἐβιάσαντο
853 1877 972 1965 αὐτὸν,
997 1878 1038 1947 τά

72 1979 161 2051 ὅπλα
182 1980 401 2070 κρούσαντες,
424 1985 598 2050 πιστεῦσαι
618 1986 664 2075 τῷ
678 1980 849 2076 βαρβάρῳ.
883 1980 1037 2070 Κράσσος

73 2081 168 2152 ἀκων
183 2080 278 2165 πεζός
292 2083 433 2170 ἐβάδιζε.
466 2081 645 2173 Σουρήνας
655 2143 656 2146 ,
667 2082 980 2174 φιλοφρονούμενος
994 2080 1037 2172 δὴ
1119 2130 1120 2133 =

72 2191 180 2254 ἵππον
200 2184 442 2273 χρυσοχάλινον
455 2182 545 2279 αὐτῷ
615 2186 792 2274 ρίστησεν,
814 2182 871 2274 ἐφ’
888 2177 930 2254 οὗ
937 2197 1035 2261 καθ·

73 2297 144 2355 ίσαι
163 2288 375 2374 προσέταξεν.
403 2284 439 2355 ‘0
452 2286 515 2375 μὲν
596 2285 772 2374 ἀναβαίνει
792 2284 851 2356 τόν
872 2290 993 2356 ἵππον·
1017 2284 1035 2354 ὁ

75 2389 112 2458 δὲ
127 2389 295 2480 βάρβαρος
310 2389 682 2477 ίπποκόμοςκεντρίσας
701 2387 883 2476 ἐπετάχυνε
896 2393 957 2457 τοὺ
977 2392 1033 2456 ἰ”π-

74 2518 141 2561 ττου
163 2488 222 2561 τὸν
242 2491 385 2582 δρόμον,
414 2488 504 2570 ὅπως
528 2488 587 2559 τ’ὸν
611 2490 769 2580 Κράσσον
792 2494 825 2570 ἐς
844 2487 882 2559 τὸ
904 2497 1035 2577 πλῆθος

73 2596 240 2681 ἐξενέγκοι
266 2599 335 2663 τοῖν
362 2598 585 2684 Παρθυαίων.
622 2590 831 2679 Ὀκταούϊος,
858 2594 926 2662 τόν
957 2593 1035 2680 περὶ

75 2695 232 2782 Κράσσον
251 2692 442 2784 ἡγεμόνων,
470 2696 584 2774 συνεὶς
603 2699 660 2784 τῆς
680 2692 808 2784 ἀπάτης
830 2694 1034 2782 λαμβάνεται

72 2804 141 2867 τῶν
156 2804 333 2886 χαλινῶν,
354 2800 410 2867 καὶ
436 2795 508 2886 μετ’
538 2784 669 2868 ἐκεῖνον
691 2792 739 2877 εἷς
757 2802 827 2881 τόν
853 2797 1035 2887 χιλιάρχων

72 2900 283 2988 Πετρώνιος,
306 2897 390 2970 ὥστε
402 2900 462 2970 τὸν
479 2900 541 2990 μὲν
557 2899 743 2988 ἱπποκόμον
759 2898 948 2978 Ὀκταούιος
964 2925 1032 2967 κτι-

73 3002 147 3072 νύει
168 3002 379 3090 σπασάμενος
396 3002 433 3072 τὸ
454 3007 549 3090 ξίφος
556 3001 645 3089 ,τόν
669 3004 706 3072 δὲ
724 2999 917 3071 Ὀκταούϊον
936 2997 1034 3079 ἀλλος
1126 3014 1130 3019 ’

72 3107 121 3187 τὶς
135 3110 204 3174 τόν
218 3110 446 3194 Παρθυαίων·
468 3102 526 3174 τὸν
542 3105 578 3173 δὲ
593 3105 750 3193 Κράσσον
763 3101 923 3196 Ἐξάθρης
938 3111 1032 3191 Παρ-

70 3220 210 3288 θυαῖος·
232 3205 363 3296 καλιὴν
383 3205 535 3296 κεφαλὴν
554 3204 659 3277 αότοῦ
678 3208 734 3276 καὶ
747 3202 809 3294 τὴν
825 3201 938 3287 δεξιάν
950 3200 1031 3274 ἀπο,

70 3310 178 3395 κόψας
214 3307 347 3398 ἐκόμισε
391 3308 473 3399 πρὸς
511 3299 618 3399 μέγαν
651 3308 789 3396 βασιλέα
822 3311 1034 3398 Παρθυαίων

142 3544 210 3610 Cap.
229 3544 273 3596 41.
309 3542 353 3594 Ex
370 3540 443 3594 Plut.
463 3509 693 3596 ῦτόιιοδθ-θδ.
771 3565 773 3569 >
844 3621 885 3685 8*

825 3626 836 3683 1
