2318 3892
456 176 692 238 Λειυενοιι.
1011 153 1047 242 ιι

59 348 132 463 Ξώς
156 352 213 421 καί
232 363 302 430 τοῖς
321 352 441 435 φίλοις·
459 343 564 417 αύτού
585 361 748 435 γυναῖκας
770 345 872 432 άλλας
893 348 1051 434 άξουσαν

58 450 205 565 stafiva
219 452 281 540 μὲν
295 448 336 539 δὴ
350 452 528 519 συνέθετο·
542 455 581 521 αί
591 441 663 522 δέ
642 479 726 541 ηκον
739 454 796 521 καί
808 453 971 525 συνέπιόν
985 470 1053 536 τοῖς

58 528 165 684 Ξειερδ
187 553 248 626 τὸν
266 551 491 643 Φοιβιάδαν”
470 581 545 641 αχρι
558 582 581 642 μ
584 555 675 642 έ.θης
711 551 810 624 Καί’
791 555 957 681 ηιησριντο
971 558 1052 648 πρὸς

69 655 204 773 όλίγον
225 660 379 741 ἐξελθεῖν
399 658 440 726 ἐπ
442 662 457 724 ί
417 683 548 725 πτινα
561 666 689 726 θυσίαν
702 657 916 748 νυκτερινὴν,
932 657 976 741 ώς
989 657 1051 731 αύ-

58 722 165 878 Ᾱτίιια
177 759 457 849 ἀναστρέφουσαν.
493 765 539 829 οί
524 760 656 848 ίμ’ὲν
639 763 837 849 επέτρεψαν,
851 775 1052 852 τοῑςθυρω-

85 882 160 954 ροῑς
185 861 426 952 προστάξαντες
453 862 557 932 πάλιν
578 859 682 943 αὐτάς
705 867 921 947 ἐσδέξασθαι
953 871 990 936 αί
1014 868 1052 936 δὲ

57 1038 65 1083 Ι
84 965 293 1056 ὑπεξῆλθον
329 963 421 1053 Πρός
440 964 478 1034 δὲ
499 979 571 1044 ταῖς
585 962 739 1045 πύλαις’
721 970 867 1054 αγένειοι
881 976 1051 1056 νεανίσκοι

57 1069 150 1198 τάς
178 1074 246 1139 τών
273 1073 448 1156 γυναικών
468 1072 610 1158 έσθητας
632 1065 864 1158 άλλαξάμενοι,
891 1073 948 1140 καί
971 1081 1052 1160 μίαν

57 1170 203 1244 αύτών
227 1170 477 1261 παραλαβόντες
504 1166 650 1259 ἡγεμόνα
676 1177 733 1262 τῆς
759 1168 843 1242 ὁδοῦ
859 1180 918 1263 τῆς
939 1181 1050 1259 ἔνδον,

75 1305 104 1401 η
87 1273 182 1345 “ειαὶ
194 1274 319 1363 βραχέα
333 1273 492 1363 λαλήσειν
510 1288 579 1354 τοῖς
591 1284 744 1364 πυλωροῑ
744 1304 760 1355 ς
774 1280 930 1364 ἔμελλεν,
945 1275 1051 1358 ούτως

72 1376 154 1470 ἄρα
174 1377 376 1456 ἐπελθόντες
397 1377 457 1445 τόν
482 1402 518 1444 τε
545 1377 734 1466 Φοιβιάδαν
754 1375 875 1465 αὐτόν,
902 1378 997 1449 καλ“
978 1403 1051 1451 οσοι

68 1477 174 1574 ἀμφ’
190 1477 294 1550 αύτδν
308 1478 435 1558 πάντας
449 1485 611 1548 έκτειναν.

160 1581 412 1671 Ἐπαμινώνδας
427 1587 588 1669 Θηβαίαν
610 1577 732 1669 ἡγεῖτο,
747 1588 1102 1670 Λακεδαιμονίωνλβ)

71 1686 339 1776 Κλεόμβροτος·
362 1689 521 1773 Λεῦκτρα
544 1679 669 1773 ἔνθαὴ
692 1684 793 1771 μάχη·
816 1683 854 1753 τό
876 1685 938 1774 μὲν
952 1693 1051 1774 ἔργον

78 1789 270 1876 ἰσόρροπον
282 1778 337 1876 ἦν.
357 1784 607 1874 Ἐπαμινώνδας
620 1784 711 1875 παρά
726 1791 885 1874 Θηβαίων
897 1785 1051 1880 ᾐτήσατο,

67 1890 174 1960 ““Ev
198 1897 289 1980 βῆμα
312 1891 498 1978 χαρίσασθέ
511 1916 586 1978 μοι,
610 1890 667 1959 καὶ
693 1885 754 1978 τὴν
775 1896 875 1979 νίκην
900 1888 1050 1981 έξομεν.”

64 1993 325 2083 Ἐπείσθησαν,
365 1996 537 2081 ἐνίκησαν.
585 1997 631 2062 Οί
658 1992 817 2072 Λάμπις
849 1992 958 2081 είξαν,
995 1997 1052 2065 καί

79 2094 320 2185 Κλεόμβροτος
334 2090 352 2165 6
365 2092 524 2183 βασιλεύς
537 2101 658 2166 ἔπεσεν
674 2099 713 2165 έν
725 2100 766 2184 τη
781 2095 879 2186 μάχη.
943 2155 951 2169 .

161 2197 411 2287 Ἐπαμινώνδας
434 2203 471 2269 ἐν
490 2198 674 2289 Λεύκτροις
687 2205 869 2287 προσῆγεν
888 2194 953 2287 ἤδη
966 2197 1104 2287 την3(·ι)

87 2301 265 2391 φάλαγγα·
309 2310 465 2383 Θεσπιεῖς
488 2303 770 2380 ἐθελοκακούντες
796 2306 940 2371 εἵποντο.
980 2299 1053 2370 Ούιι

83 2403 255 2494 ἠγνόησεν
268 2400 536 2490 Ἐπαμινώνδας,
552 2400 636 2473 άλλά
654 2400 745 2483 ὅπως
762 2401 807 2491 μὴ
826 2401 1053 2491 ταράττοιτοὴ

84 2506 179 2588 τάξις
205 2510 243 2575 ἐν
271 2509 318 2597 τῷ
343 2510 449 2598 καιρῷ
466 2510 525 2593 τῆς
542 2506 664 2596 μάχης,
690 2502 850 2595 ἐκήρυξε,
873 2500 1054 2575 “Βοιιυτών

86 2609 226 2680 άπιέναι
239 2623 308 2686 τοῖς
322 2609 540 2695 βουλομένοις
553 2605 710 2690 έξέστιο.”
736 2616 892 2688 Θεσπιεῖς
913 2606 975 2696 μὲν
990 2605 1052 2678 αύ-

86 2728 157 2793 τοῐς
184 2708 300 2791 όπλοῑς
327 2707 599 2800 ἀπηλλάσσοντο·
622 2707 873 2799 Ἐπαμινώνδας
903 2710 960 2796 δέ,
986 2728 1054 2792 τοῖς

53 2867 57 2880 .
89 2821 246 2905 μείνασιν
259 2810 761 2903 ὁπλίταιςσυντεταγμένοιςιιαί
771 2813 959 2904 προθύμοις
971 2843 1052 2905 χρη-

88 2918 250 3008 σάμενος,
266 2914 411 3000 εύιιλεώς
426 2921 590 3007 ἐνίκησεν.

162 3019 414 3111 Ἐπαμινώνδας
423 3016 654 3109 ὑπερέβαλλεν
662 3019 974 3103 έςΠελοπόννησον.
986 3023 1051 3087 Οίι
1059 3024 1104 3105 (3)

88 3127 257 3213 πολέμιοι,
286 3122 371 3193 κατά
393 3120 432 3193 τδ
449 3122 585 3194 Ὄνειον
605 3122 826 3212 ἐμβαλόντος,
855 3123 1054 3204 έστρατοπε·

89 3227 240 3298 δεύοντο.
268 3223 400 3315 Βροντὴ
414 3233 554 3315 γίνεται,
568 3228 626 3296 καλ
639 3225 746 3314 φόβος
758 3231 850 3314 αίρει
859 3218 939 3302 τούς
952 3243 1051 3311 στρα-

52 3368 72 3407 ο
88 3329 218 3411 τιώτας.
242 3324 277 3398 ‘0
291 3328 353 3418 μδν
366 3328 484 3416 μάντις
496 3331 646 3417 έπισχείν
659 3328 822 3398 ἐκέλευεν.
846 3322 1053 3414 Ἐπαμινών-

89 3441 150 3516 δας
175 3433 232 3519 δὲ,
272 3437 467 3521 Μηδαμῶς,
502 3438 583 3521 ἔφη·
611 3429 690 3511 τούς
717 3437 898 3519 πολεμίους
927 3426 992 3517 γάρ
1019 3431 1056 3500 ἐν

88 3535 230 3632 τοιοάιμ
255 3541 368 3631 χοιρίφ
390 3533 743 3626 στρατοπεδεύσαντας
757 3530 1056 3625 ἐμβεβροντῆσθαι.
