2318 3892
595 76 605 125 ἱ

102 167 164 230 224
385 141 389 149 ’
491 168 677 230 ειοΛιοΝ

101 340 309 428 ἀφικομένου
330 343 391 408 τοῦ
417 339 627 429 κυβερνήτου
650 338 824 426 ἀποκόψας
841 341 881 413 τδ
905 341 1039 432 ἀπόχειο

102 441 313 514 ἀπέπλευσεν
331 440 531 522 ἀκινδύνως.

475 621 690 677 9.ΛΕΤΚΩΝ.

68 773 79 821 1
177 750 321 820 Λεύκων
333 748 512 837 χρημάτων
528 747 685 837 δεόμενος
699 748 871 838 ἐκήρυξεν,
885 746 939 821 ότι
952 755 1039 840 μέλλι

92 855 238 924 ’κόπτειν
271 851 351 922 άλλο
378 852 522 941 νόμισμα
549 853 605 920 καὶ
642 854 713 921 δέοι
741 855 951 945 προσφέρειν
976 852 1039 925 αύκ

100 956 137 1027 τὸ
167 953 319 1046 ὑπάρχον
341 958 502 1040 ἕκαστον,
523 950 613 1034 ὅπως
640 954 827 1042 μετακοπέν
848 957 993 1046 δόκιμον
1010 985 1039 1045 χι

100 1087 202 1131 νοιτο.
242 1063 286 1128 Ol
303 1058 366 1147 μὲν
387 1058 621 1147 προσήνεγκαν
635 1054 716 1127 ὅσον
737 1057 844 1144 εἶχον·
865 1055 884 1129 ό
907 1061 948 1130 δέ
964 1058 1039 1131 άλλο

101 1166 291 1251 χαρακτῆρα
316 1157 486 1248 ἐπιβαλοδν
506 1162 674 1249 ἐπέγραψε
692 1158 730 1229 τό
743 1167 869 1250 τίμημα
887 1164 1039 1233 διπλάσιι

102 1264 229 1357 ἑκάστῳ
249 1268 444 1349 νομίσματι,
467 1257 553 1330 ὥστε
571 1268 643 1332 τοῦ·
657 1266 877 1350 συλλεχέντος
897 1265 938 1335 τό
964 1263 1039 1356 ήμισ

103 1366 268 1456 κερδάνας
282 1361 405 1435 οὐδένα
418 1368 487 1433 τῶν
503 1369 650 1434 πολιτῶν
664 1369 857 1454 ἐζημίωσεν.

68 1492 85 1542 2
179 1468 332 1552 Λεύκων,
341 1465 464 1554 μαθων
479 1463 523 1547 οδς
535 1468 788 1555 ἐπιβουλεύοιεν
797 1467 889 1565 αύτῷ
903 1477 999 1559 φίλοι
1011 1496 1039 1539 ιιι

6 1644 10 1651 ,
103 1587 236 1641 πολῖται
246 1568 511 1659 συνομοσάμενοι
521 1568 734 1670 πολλοὶ,τούς
748 1569 916 1662 ἐμπόρους
929 1575 1039 1645 καλέω

102 1671 266 1760 ἅπαντας,
281 1673 429 1762 χρήματα
443 1669 504 1741 ὅσα
523 1672 612 1760 εἶχεν
630 1677 766 1754 ἕκαστος
781 1677 986 1762 ἐδανείζετο,
1000 1671 1038 1763 φά

102 1797 195 1846 σκων
215 1775 293 1856 τούς
307 1781 486 1862 πολεμίους
500 1772 591 1868 αύτῷ
607 1781 843 1860 προδίδοσθαι.
876 1783 923 1848 Ol
933 1779 996 1864 μὲν
1008 1784 1038 1864 ἐμ

103 1907 201 1967 ποροι
220 1877 405 1968 προθύμως
426 1876 596 1960 ἐδάνειζον
617 1876 658 1946 τά
671 1877 831 1966 χρήματα.
861 1875 897 1949 Ὁ
912 1880 951 1951 δέ
964 1900 1039 1950 συντ

104 1979 218 2069 φαγών
236 1977 359 2059 αύτούς
376 1985 424 2059 είς
436 1977 498 2067 τήν
520 1977 627 2068 αύλήν
649 1976 841 2069 ὡμολόγησε
860 1982 924 2072 τήν
946 1985 984 2052 ἐκ
1001 1986 1039 2051 τό

104 2088 250 2153 πολιτῶν
270 2086 442 2167 ἐπίθεσιν,
462 2083 518 2151 καλ
538 2082 743 2171 παρεκάλεσε
757 2084 912 2172 φύλακας
928 2082 1039 2156 τούσά

104 2213 206 2277 ματος
219 2182 325 2255 αὐτοῦ
339 2187 518 2273 γενέσθαι,
542 2180 587 2264 άς
596 2188 636 2254 τά
649 2179 800 2275 χρήματα
813 2190 1039 2277 κομιουμένουι

105 2297 137 2360 εί
162 2290 317 2372 σώζοιντο
341 2285 454 2358 αὐτόν.
487 2289 555 2356 Καὶ
579 2285 620 2376 δή
640 2286 681 2358 τά
701 2278 851 2378 χρήματα
872 2296 979 2361 σῶσαι
993 2295 1039 2360 ἐδι

105 2403 220 2471 λοντες
234 2396 267 2459 οί
280 2396 435 2479 ἔμποροι,
460 2385 547 2458 όπλα
564 2392 815 2479 παραλαβόντες
828 2397 863 2463 οί
873 2394 944 2483 ,μέν
964 2400 1039 2482 δορυ

106 2495 205 2583 φόροι
223 2498 284 2562 τοῦ
300 2492 466 2581 σώματος,
486 2497 520 2561 ολ
535 2492 573 2562 δέ
586 2498 654 2562 τεόν
667 2490 813 2581 ἀρχείων
828 2494 979 2584 φύλακες
993 2499 1039 2583 ἐμέ

106 2624 214 2666 νοντο.
247 2596 391 2665 Λεύκων
416 2595 452 2664 δὲ
474 2593 556 2683 μετά
575 2594 706 2666 τούτων
725 2599 782 2666 καὶ
804 2597 978 2686 μετὰτῶν
992 2625 1039 2680 περ

104 2696 208 2768 αὐτόν
230 2698 436 2768 πιστοτάτων
456 2696 535 2777 τούς
548 2704 798 2781 κοινωνοῦντας
811 2705 870 2789 τής
883 2703 1039 2773 ἐπιδόσει

104 2797 283 2887 συλλαβών
296 2788 494 2886 ἀπέκτεινε,
517 2803 575 2870 καλ
587 2799 649 2889 τήν
662 2798 770 2892 ἀρχήν
792 2800 953 2892 ἀσφαλεῖς
967 2831 1039 2875 κατι

104 2904 309 2993 στησάμενος
323 2900 477 2972 ἀπέδωκε
494 2900 535 2971 τά
547 2899 707 2993 χρήματα.

69 3019 86 3072 3
182 3004 324 3077 Λεύκων
344 3009 445 3096 ἐντῷ
464 3002 545 3094 πρὸς
555 3001 783 3093 Ἡρακλεώτας
800 3011 936 3101 πολέμφ
950 3015 1039 3081 αίσδι

104 3137 203 3198 μενος
222 3115 292 3178 τεόν
312 3107 523 3199 τριηράρχων
542 3107 635 3189 τινάς
655 3109 878 3200 προδιδόντας
890 3114 949 3182 καί
969 3111 1039 3183 αύτι

103 3222 220 3301 μολεῖν
233 3214 430 3299 μέλλοντας,
446 3210 627 3299 συλλαβών
641 3210 762 3293 αύτούς
771 3211 914 3285 ἀκοῦσαι
926 3215 992 3305 μλν
1005 3223 1039 3303 ἐρ

103 3316 180 3404 περὶ
194 3311 308 3383 αὐτόν
321 3315 442 3403 λόγους
456 3310 518 3382 ούκ
531 3318 761 3403 ἐπιτηδείους,
781 3315 823 3386 ού
838 3323 1039 3405 πιστεῦσαίη

102 3420 178 3508 μήν.
196 3413 308 3497 Ὅπως
320 3409 384 3488 οὖν
396 3414 452 3506 μή,
466 3415 550 3486 κατά
564 3417 670 3507 τύχην
685 3417 785 3509 ήττης
798 3423 994 3511 γενομένης,
1008 3450 1039 3492 αι

100 3523 151 3590 τοὶ
176 3525 310 3590 δοκοῖεν
334 3530 434 3590 αἴτιοι
453 3524 516 3589 τοῦ
534 3521 745 3610 σφάλματος,
766 3520 891 3607 αύτούς
907 3524 974 3613 μδν
986 3521 1039 3615 ἡσι
