2318 3892
25 232 29 248 ,
106 167 168 234 258
498 164 683 229 οιεαιοα

73 362 90 413 4
181 339 338 430 Ὀρόντης
353 338 496 420 πολλοὺς
509 344 578 408 τοῖν
592 335 776 428 συμμάχων
788 333 993 425 άποβαλιόν,
1011 333 1062 416 οὐς

105 443 370 532 Αὐτοφραδάτης
383 445 503 533 ἐνέδρα
518 444 710 530 διέφθειρε,
726 445 857 528 καθήκε
871 437 1063 528 λογοποιοός
1085 410 1094 513 ό

106 549 363 633 διαγγέλλοντας
371 595 381 629 ,
396 540 439 624 ὡς
455 541 553 630 ε’γγύς
568 554 685 632 εῖησαν
697 547 732 613 οῖ
742 543 970 634 μισθοφόροι,
985 538 1061 610 ὥστε

104 651 234 742 καὶτῷ
260 644 508 736 Αὐτοφραδάτῃ
527 652 625 715 τοῦτο
651 648 877 734 ἐξηγγέλλετο.
930 648 1006 715 Τῶν
1024 642 1059 732 δή

102 751 285 840 βαρβάρων
304 746 382 829 τούς
395 747 631 837 ἰσχυροτάτους
651 747 773 829 νυκτός
787 745 939 819 ’όόπλισεν
956 745 1075 827 όπλοιςὸ

98 852 313 941 Ἑλληνικοῖς,
327 853 382 919 καὶ
396 847 580 939 ἀρχομένης
593 853 637 920 ἕω
652 854 837 941 παρέταξεν
849 848 977 931 αὐτούς
988 848 1057 940 μετά

103 961 172 1025 τῶν
191 953 304 1025 άλλωυ
322 949 506 1041 Ἑλλήνων,
537 953 714 1041 ἐπιστήσας
740 956 904 1043 ἑρμηνέας
924 951 1056 1041 διγλιόσ-

104 1080 184 1138 σους
192 1109 202 1143 ,
224 1062 280 1126 ἵνα
293 1053 334 1124 τά
348 1056 605 1143 παραγγέλματα
622 1053 857 1144 τοῖςἙλλησιν
870 1046 966 1127 οὗτοι
979 1054 1054 1143 φρά-

104 1169 191 1243 ζοιευ
203 1173 273 1238 τοῖς
285 1157 478 1246 βαρβάροις.
512 1153 779 1246 Αὐτοφραδάτης
803 1156 889 1229 ῖδιόυ
902 1153 1054 1244 τάἙλλη-
1092 1226 1094 1230 ⁴

103 1259 181 1329 νικά
202 1257 305 1343 ὅπλα,
325 1260 454 1345 οἰηθεὶς
472 1254 568 1346 ήκειν
587 1258 665 1340 τούς
679 1259 911 1349 μισθοφόρους
924 1262 1003 1347 περὶ
1015 1251 1055 1328 όν

103 1364 286 1444 ἐπέπυστο,
314 1367 500 1447 συμβαλεῖν
527 1358 568 1428 οὐ
599 1362 789 1452 θαρρήσας,
820 1359 1003 1451 άυαλαβοόν
1026 1359 1056 1429 τό

102 1462 329 1567 στρατόπεδονΙ
342 1468 458 1550 ἔφυγε.

478 1624 512 1678 15.
532 1623 691 1686 ΞΕΡΞΗΣ.

71 1773 81 1822 ι
178 1753 300 1841 Ξέρξης
321 1752 377 1820 ἐπὶ
393 1749 456 1839 τήν
471 1747 612 1820 Ἑλλάδα
635 1749 829 1839 στρατεύων
849 1749 959 1831 πολλὰ
979 1757 1054 1838 ἔθνη

100 1855 289 1943 συνήγαγε,
306 1851 503 1939 λογοποιοὺς
519 1853 757 1941 διασκεδάσας,
777 1849 820 1933 ὡς
834 1857 869 1922 οῖ
882 1869 1052 1943 κορυφαῖοι

103 1962 170 2024 τῶν
186 1952 355 2042 Ἑλλήνων
377 1950 607 2043 ὡμολογήκασι
622 1959 807 2043 προδοσίαν
828 1960 887 2044 της
897 1952 1053 2036 Ἑλλάδος.

102 2057 270 2138 Αόξαυτες
282 2047 345 2124 οὐν
360 2053 422 2125 οὐκ
436 2059 470 2136 ἐς
483 2056 607 2144 μάχην,
623 2053 708 2126 άλλά
725 2060 759 2136 ἐς
773 2052 944 2144 ὠφέλειαν
958 2084 1053 2145 φανε-

103 2157 166 2246 ράν
181 2167 370 2245 καλεῖσθαι,
384 2157 639 2246 προθυμότερον
653 2155 858 2249 ήθρολζοντο.
885 2162 1011 2231 Πολλοὶ
1024 2159 1054 2229 όδ
1089 2198 1094 2249 3

103 2266 172 2331 τῶν
184 2259 367 2349 βαρβάρων
379 2261 436 2328 καὶ
450 2256 710 2346 αὐτεπάγγελτοι
724 2258 972 2351 συνεμάχησαν.

69 2376 86 2426 2
179 2365 319 2450 Ξέρξης,
347 2360 568 2431 κατασκόπων
586 2358 752 2450 Ἑλλήνων
783 2358 939 2435 ἁλόντων
961 2368 998 2437 ἐν
1015 2366 1053 2456 ιβ
1084 2410 1094 2463 3

102 2466 336 2558 στρατοπέδω,
355 2465 485 2546 κολάζει
505 2465 567 2553 μὲν
579 2462 658 2545 τούς
673 2462 799 2554 άνδρας
812 2461 986 2556 οὐδαμοῖς,
1006 2492 1052 2534 ιιι-
1085 2502 1090 2521 ι

100 2567 192 2636 λεύει
213 2567 251 2636 δὲ
271 2568 512 2656 περιαχθέντας
540 2572 627 2635 ἰδεῖν
654 2563 717 2655 τήν
744 2564 892 2656 δύυαμιν
919 2564 1052 2639 ἅπασαν.

98 2667 187 2738 Ἐπεὶ
205 2669 243 2738 δὲ
266 2669 374 2755 εῖδον,
391 2665 530 2738 “”Ατιιτε
547 2665 686 2738 τοίνυν”
701 2665 856 2758 ἔφη“καλ
868 2667 1051 2757 τοῖςἙλλη-
1087 2698 1094 2768 ¹]

102 2767 158 2840 σιν
172 2768 411 2857 άπαγγείλατε,
427 2768 488 2841 ὅσα
501 2775 585 2860 ἐμοῦ
598 2768 792 2852 δεικνύντος
807 2768 1008 2861 ἑωράκατε.”
1088 2826 1094 2869 ¹:

67 2891 84 2942 3
173 2874 296 2962 Ξέρξης
323 2873 496 2959 ἐναυλόχει
522 2873 599 2960 περὶ
608 2871 768 2961 Ἄβυδον.
815 2878 959 2965 Σιτηγολ
984 2878 1077 2965 νήεςκ

97 2971 286 3064 Ἑλληνικαὶ
300 2976 552 3063 παραπλέουσαι
566 2970 758 3046 άλίσκονται
772 2971 840 3046 ὐπὸ
852 2983 923 3047 τῶν
936 2975 1052 3069 βαρβά-
1092 3028 1094 3073 5

102 3104 181 3163 ρων.
219 3086 295 3157 Τοῖς
315 3075 377 3165 μὲν
392 3073 433 3164 δή
447 3079 540 3159 ἔδοξε
554 3083 739 3147 καταδύσαι
752 3076 811 3160 τάς
832 3074 978 3163 ὁλκάδας
998 3075 1052 3149 αὐ·
1082 3028 1093 3257 ή

100 3191 169 3257 τοῖς
196 3176 376 3266 ἀνδράσιν·
400 3179 523 3268 Ξέρξης
557 3178 595 3248 δὲ
615 3177 815 3251 τούναντίου
833 3178 951 3270 ήρετο,
974 3178 1055 3253 “Hoc

100 3278 255 3361 πλεῖτε;”
278 3279 482 3369 Φησάυτων,
498 3278 549 3360 Ἐς
563 3276 721 3368 Ἑλλάδα,
737 3277 828 3352 “Καὶ
852 3280 972 3373 ήμεῖς”
994 3290 1055 3373 ἔφη
1089 3262 1094 3403 ή

93 3377 243 3467 “ἐκεῖσε,
264 3378 348 3452 ὥστε
367 3378 385 3452 ὁ
409 3398 498 3464 σῖτος
517 3379 679 3473 όιγόμενος
696 3382 929 3483 τοῖςἙλλησιυ
941 3382 1083 3479 ήμότε-αι

168 3527 234 3595 (λαμ.
254 3530 294 3580 15.
331 3533 355 3593 5.
376 3533 400 3581 2.
422 3530 448 3586 3.
483 3532 526 3584 Ex
541 3530 644 3587 Herod.
664 3531 849 3596 7,146.147.
