2318 3892
416 165 602 228 ΟΓΔΟΟΝ.
927 168 988 232 367

83 354 85 359 “
102 336 274 428 Σεβαστὸς
289 353 358 422 τοῖς
371 337 428 410 διὰ
450 347 579 411 δειλίαν
598 337 854 431 άπολιπομένοις
867 341 989 433 κριθάς
1006 361 1023 412 2

48 443 100 512 ντί
119 448 239 530 πυράν
259 446 392 515 ἐκέλευε
405 446 610 535 μετρεῖσθαι.

101 561 273 649 Σεβαστὸς
296 562 375 645 τοὺς
407 567 462 635 ἐπὶ
492 567 720 653 στρατοπέδου
746 565 1021 653 διαμαρτόντας3

48 666 180 736 κέλευσε
208 665 273 756 πρὸ
297 673 358 737 τοὺ
377 677 597 758 στρατηγείου
617 666 819 751 λυσιζάνους
839 668 983 756 ἑστάναι,

48 788 94 839 στι
107 770 146 839 δὲ
159 766 285 886 ὅτεοκαί
300 780 546 859 πλινθοφορεῐν
561 768 610 840 δι’
630 768 709 861 ὅλης
722 766 855 860 ἡμέρας.

100 887 272 978 Σεβαστὸς
293 904 362 972 τοῖς
389 894 509 961 ἑαυτοῦ
537 905 732 980 στρατηγοῖς
762 891 1019 982 παρήγγειλευ4

47 999 207 1080 σφαλείας
225 995 485 1081 πεφροντικέναι
500 991 658 1082 μάλιστα,
679 995 734 1064 καί
747 1000 896 1084 συνεχῶς
910 998 982 1066 έπέ-

47 1120 100 1183 εγε
111 1092 149 1165 τὸ
155 1147 166 1182 ,
179 1091 339 1166 ’Ἔπεῦδε
355 1099 505 1186 βραδέως
515 1094 544 1133 ·”
560 1099 616 1165 καί
628 1095 676 1184 τὸ,

67 1210 983 1307 “Ἇσφαλήςγάρέστ’άμείνωνήδρασδςστρατήλάτης.”

98 1317 269 1406 Σεβαστὸς
282 1336 352 1401 τοῖς
364 1316 639 1408 άνδραγαθοῦσιν
656 1317 820 1412 ἀργυρίου
834 1322 890 1389 καί
903 1348 984 1411 χρυ·
1002 1339 1019 1388 5

46 1429 97 1493 ίου
109 1421 255 1510 μεγάλας
268 1426 384 1493 ἐδίδου
398 1423 535 1512 δωρεάς.

97 1540 269 1631 Σεβαστὸς
288 1541 365 1624 τούς
387 1540 470 1612 άνευ
493 1548 699 1623 λυσιτελείας
720 1541 982 1631 διψοκινδύνους
999 1558 1016 1611 6

45 1657 114 1734 λεγε
137 1644 244 1734 μηδὲν
265 1648 441 1735 διαφέρειν
461 1651 530 1716 των
550 1660 687 1736 χρυσοῑς
705 1643 894 1731 ἀγκίστροις
907 1639 979 1712 άλι-

45 1751 202 1837 νομένων.

96 1849 268 1939 Σεβαστδς
288 1855 325 1921 έν
346 1855 393 1944 τῷ
412 1876 495 1938 προς
507 1849 658 1919 Κάσσιον
680 1849 737 1918 καὶ
750 1853 902 1938 Βροῦτον
920 1873 980 1917 πο·
1000 1864 1017 1919 ί

45 1958 108 2079 έμφ
123 1960 347 2041 περαιοῦσθαι
362 1951 420 2022 τὸν
443 1950 539 2041 Ἀδρί
536 1981 579 2021 αν
601 1950 775 2040 έβοάλετο
807 1956 980 2040 Μοῦρκος,

45 2057 188 2146 αάαρχος
214 2087 281 2128 των
304 2063 474 2145 πολεμίων
498 2059 657 2145 έφορμων
684 2058 722 2125 ἐν
747 2060 788 2144 τῇ
807 2064 888 2144 νησί
873 2061 920 2125 ίδι
941 2084 982 2146 τη

44 2159 104 2231 κτά
125 2161 348 2250 Βρεντήσιου,
368 2159 532 2231 κωλύσων
551 2149 693 2249 δήλος
673 2188 725 2248 ην.
755 2155 980 2247 ΟΣεβαστδς

44 2268 165 2354 ςαποιτᾷ
184 2262 245 2334 τὸν
260 2270 441 2350 Μοῦρκον,
462 2257 507 2342 ιδς
527 2262 660 2350 μέλλων
679 2258 760 2347 πρὸς
781 2258 884 2338 αὐτὸν
897 2291 980 2332 ναυ-

44 2382 159 2456 αχελν,
186 2369 243 2437 καὶ
261 2366 318 2448 τάς
337 2366 400 2455 μέν
419 2364 565 2454 τριήρεις
584 2367 623 2434 έν
650 2367 744 2457 δεξιᾷ
764 2369 824 2434 τοῦ
848 2362 981 2452 Ἀδρίου

43 2468 109 2556 αρδι
123 2466 185 2558 τήν
194 2467 335 2540 Ἰταλίαν
349 2472 441 2550 ἔταξε
462 2476 560 2537 πλεῖν
581 2463 625 2549 οδς
637 2473 678 2556 τή
692 2472 804 2556 νησίδι
817 2471 977 2538 ἐπιπλευ-

43 2575 202 2662 ουμέυας,
234 2569 333 2653 αὐτὸς
354 2572 391 2641 δέ
414 2575 574 2661 φορτίδας
593 2568 735 2659 πάργων
756 2570 902 2692 ἐπλήρου
923 2574 980 2641 καὶ

43 2675 287 2765 ηχανημάτων.
311 2679 472 2763 Μοῦρκος
497 2674 551 2761 δὲ,
573 2670 852 2799 ἐξαπατηθεὶς
812 2702 852 2764 τη
873 2699 978 2761 παρα-

43 2784 123 2870 κενή
137 2784 194 2867 τῆς
207 2773 447 2868 ναυμαχίας,’
435 2806 468 2859 ες
481 2805 518 2846 το
507 2773 707 2864 πέλαγος’
688 2777 919 2902 ανεχάρησευ,
936 2774 979 2859 ὡς
1042 2764 1045 2778 ’

42 2879 243 2974 νεάρυτέρφ
258 2875 420 2970 μάλλον”
399 2912 420 2971 η
434 2886 540 2974 στενῷ
550 2881 784 2970 ναυμαχήσων.
808 2877 844 2949 ‘0
860 2880 896 2950 δὲ
912 2890 977 2948 Σε-

42 2984 139 3066 αστδς
158 2982 199 3053 οὐ
212 2990 343 3073 συνῆψε
357 2985 482 3074 μάχην,
506 2983 590 3054 άλλά
606 2981 644 3054 ἓν
657 2990 697 3073 τῇ
711 2989 826 3072 νησίδι
839 2995 978 3069 καθωρ-

42 3098 147 3159 ίσατο.
163 3087 329 3176 Μούρκου
349 3087 386 3157 δδ
401 3085 504 3156 άλλον
523 3084 628 3176 ὅρμον
645 3085 707 3156 οὐκ
724 3091 873 3174 ἔχοντος,
895 3081 979 3156 ιἰλλά

42 3193 216 3272 ιασδίντος
241 3187 307 3262 ὑπὸ
329 3195 398 3260 των
418 3190 619 3279 πνευμάτων
631 3188 664 3270 ἐς
683 3187 745 3278 τήν
759 3194 978 3281 Θεσπρωτίδα

96 3425 165 3491 Cap.
184 3426 227 3479 24
264 3428 290 3488 5.
308 3425 333 3474 2.
351 3423 378 3474 3
414 3424 457 3474 Ex
473 3423 565 3475 eodem
583 3425 626 3474 24.

88 3441 156 3560 (λεδ).
171 3495 214 3546 24.
251 3492 407 3556 5456.
444 3494 487 3545 Ex
506 3494 599 3545 eodem
617 3493 660 3544 25

90 3566 157 3633 Gap.
175 3566 217 3616 24.
254 3567 278 3628 5.
298 3564 323 3618 7.
359 3561 401 3616 ef.
416 3562 599 3630 Appnnusb
616 3562 668 3618 οἰκ
687 3563 720 3626 4,
738 3561 782 3613 82.
801 3559 845 3614 86.

764 3647 829 3710 20*
