2318 3892
150 175 268 237 κιο·
435 132 438 137 ’
540 172 724 234 οιοΛιοοι
834 170 838 175 ·
1150 258 1155 273 ¹

151 359 223 434 λιν,
245 343 335 426 ὅπως
353 340 397 414 άν
418 342 582 434 προλάβοι
606 341 651 424 ὡς
667 342 828 433 πλείστην
839 339 924 428 ὁδὸν
936 342 1109 426 τούςδιοί-

150 455 265 533 ξοντας
285 452 480 537 πολεμίους,
502 443 563 515 ὅσα
584 438 627 536 ήυ
641 450 678 517 ἐν
692 462 764 527 ταῖς
778 453 899 529 οἰκίαις
913 452 1039 518 ἔπιπλα
1056 448 1112 517 καὶ
1153 504 1155 520 .

149 551 252 640 σκεύη
280 548 477 640 προύθηκεν
502 552 582 635 ἔξω,
612 551 669 620 καὶ
694 547 829 637 νύκτωρ
851 547 952 630 αὐτὸς
969 546 1110 638 ἀπέδρα.

151 660 197 724 Οί
217 653 412 738 διώκοντες,
440 651 640 740 ἐμβαλόντες
668 657 709 740 τῇ
737 652 833 723 πόλει
862 654 919 723 καὶ
937 650 980 723 τά
1005 651 1111 740 σκεύη

149 765 352 846 προκείμενα
365 755 509 839 ἰδόντες,
530 753 612 844 πρὸς
625 751 781 844 ἁρπαγήν
794 752 974 845 ὥρμησαν·
987 761 1059 825 τοῖν
1073 755 1110 824 δὲ
1124 779 1132 816 ⁵

147 858 325 949 ήγεμόνων
340 859 475 928 διώκειν
489 857 701 927 κελευόντων
715 855 777 946 ούχ
790 853 1006 946 ὑπήκουσαν,
1022 855 1109 946 ὠφέ-

148 973 244 1031 λειαν
257 960 410 1049 φανεράν
423 957 464 1030 ού
486 958 590 1030 καλὸν
604 957 796 1049 Ιἡγούμενοι
823 963 1001 1049 προέσθαι.
1043 969 1110 1030 Μι-

148 1063 311 1154 ιθριδάτης
330 1064 367 1133 δὲ
381 1061 468 1133 πολύ
490 1069 548 1152 τῆς
567 1059 649 1132 ὁδοῦ
668 1060 849 1152 προλαβάυ
872 1060 984 1133 άπιων
998 1060 1110 1159 ᾤχετο.
1136 1118 1138 1123 -

516 1241 559 1295 ³⁰.
575 1245 738 1299 ΜΕΜΨΙΣ.
1152 1286 1155 1341 Ι

228 1372 363 1456 Μέμφις
376 1367 544 1456 Ἀριβαίου
557 1368 837 1457 στρατεύσαντος,
855 1365 945 1449 ὅπως
958 1367 1110 1458 τειχήρης
1126 1346 1155 1489 101

148 1471 193 1560 μή
212 1473 359 1558 γένοιτο,
380 1471 488 1547 πάντα
513 1474 575 1552 ἔξω
598 1479 728 1559 τείχους
749 1470 941 1561 προήγαγεν
965 1473 1024 1541 καὶ
1047 1469 1111 1559 πρό

149 1580 206 1661 τής
220 1574 348 1653 πόλεως
363 1577 455 1665 ἔταξε
470 1588 648 1660 γυναῖκας,
670 1575 790 1664 τέκνα,
812 1573 980 1662 χρήματα·
1000 1572 1062 1655 τάς
1074 1574 1111 1643 δὲ
1153 1620 1155 1625 «

149 1675 256 1756 πύλας
282 1682 343 1745 τού
369 1685 499 1763 τείχους
525 1673 798 1768 άπωκοδόμησεν.
839 1673 1023 1765 Ἀριβαίος,
1051 1674 1112 1766 τήν

149 1778 366 1868 παρασκευήν
399 1785 457 1867 τής
492 1774 653 1859 ἀπονοίας
692 1776 806 1847 αὐτῶν
848 1758 1018 1867 φοβηδῖὶς
1058 1779 1111 1848 καὶ

148 1879 199 1951 ότι
224 1883 319 1970 μέχρι
341 1881 493 1950 θανάτου
518 1887 720 1968 μαχοῦνται,
748 1879 811 1968 τήν
838 1880 1000 1970 στρατιάν
1013 1880 1109 1979 ζάπή-
1126 1906 1143 1945 ιι

149 2010 262 2069 γαγεν.

445 2159 483 2214 ιι.
500 2163 814 2228 ΚΕΡΣοομΕΠτΗΣ.

226 2291 500 2379 Κερσοβλέπτης,
541 2284 760 2358 ἀποστάντων
793 2286 899 2358 αὐτοῦ
931 2293 1108 2377 συγγενῶν
1153 2346 1155 2351 .

150 2390 255 2461 πολλά
271 2390 420 2480 χρήματα
442 2385 754 2478 ύπεκτεδειμέυων,
769 2390 1017 2480 διαλυσάμενος
1029 2390 1123 2479 πρός,
1152 2456 1155 2460 ,

149 2492 271 2575 αὐτούς
289 2496 468 2582 κατέστησε
487 2491 619 2562 πόλεων
643 2490 821 2580 άρχοντας,
847 2492 1030 2584 διαστήσας
1051 2489 1107 2564 ἀπ’
1123 2520 1140 2558 ν

150 2595 314 2685 άλλήλων.
346 2593 437 2664 Ἐπεὶ
456 2595 494 2665 δὲ
507 2594 630 2683 χρόνου
645 2598 886 2685 διαγενομένου
899 2595 941 2667 τά
952 2592 1109 2666 ύπεκιιεί-

149 2726 234 2787 μενα
268 2698 418 2787 χρήματα
457 2700 729 2786 μετεπέμψαντο,
769 2695 949 2786 συλλαβύν
987 2695 1110 2777 αύτούς

148 2790 221 2869 των
229 2799 361 2870 πόλεων
383 2799 521 2888 ἐξήλασε
542 2802 598 2870 καλ
618 2798 876 2890 πολυχρημάτων
895 2798 996 2883 αύτός
1015 2800 1110 2891 ἐκρά-

149 2924 259 2992 τησεν.

518 3080 560 3137 ³2.
576 3083 741 3139 ΣΕΤΘΗΣ.

227 3206 375 3295 Σεύθης,
390 3211 553 3297 ἵππαρχος
565 3210 833 3297 Κερσοβλέπτου,
848 3214 886 3281 έν
898 3210 1020 3283 σπάνει
1033 3238 1111 3300 χρη-

148 3310 262 3398 μάτων
290 3311 470 3399 προσέταξε
492 3316 562 3380 των
588 3317 748 3398 γεωργῶν
774 3311 903 3406 ἑκάστω
928 3315 1030 3386 πέντε
1054 3340 1111 3404 με·

149 3419 279 3501 δίμνων
292 3417 416 3501 χωρίον
430 3409 521 3508 αύτῷ
541 3428 771 3503 κατασπεῖραι.
800 3420 847 3484 Os
856 3416 920 3504 μὲν
932 3418 1109 3489 κατέσπει-

148 3542 222 3603 ραν,
236 3512 324 3584 πολύ
337 3519 467 3604 πλῆθος
480 3521 651 3607 γεωργοῖν.
671 3523 780 3585 Σίτου
792 3517 830 3587 δὲ
843 3520 1045 3606 παμπόλλου
1056 3548 1111 3611 γε·
