2318 3892
42 155 45 159 ’
83 152 163 223 ,294
490 155 679 216 ΒΙΒΛΙΟΝ

102 334 219 424 θυρεῷ
240 329 492 421 κεκοσμημένῳ,
511 321 705 416 “Αίσχρδυ”
725 318 986 414 έφη““Ρωμαῑον
1006 321 1062 396 άν-

105 440 169 522 δρα
183 437 223 520 τῇ
247 429 406 523 ἀριστερᾷ
418 431 505 518 χειρὶ
518 434 646 518 μάλλον
659 423 680 516 ή
695 433 735 517 τῇ
745 430 843 519 δεξιᾷ
857 424 1064 521 πιστεύειν”.

70 557 86 606 5
180 541 335 604 Σκιπίων
353 529 421 602 ὑπὸ
437 539 498 600 τοῦ
522 532 629 619 δήμου
650 530 923 620 θορυβούμενος,
939 527 1063 620 “Ἐμδ”

104 644 169 726 ἔφη
178 633 281 706 εὀύδέ
295 640 508 724 στρατιωτῶν
518 635 670 703 ἐνόπλων
680 630 870 722 άλαλαγμδς
878 636 1065 722 ἐξέπληξεν,

104 738 176 809 οὔτι
190 767 228 827 γε
242 737 445 825 συγκλύδων
459 733 653 825 ἀνθρώπων
666 735 832 824 θόρυβος,
848 728 897 805 οἷν
910 736 989 806 οῖδα
1002 735 1061 825 τήν
1078 767 1086 801 τ.

28 911 31 916 .
99 840 242 913 Ἰταλίαν
254 837 421 931 μητρυιάν
429 836 470 910 ού
483 835 641 927 μητέρα.”
676 840 791 931 Τούτῳ
800 843 848 933 τῷ
860 837 950 932 λόγφ
964 861 1063 910 συνε-

9 1022 11 1026 ,
102 945 271 1032 στάλησαν
287 945 343 1036 καὶ
354 947 416 1013 τού
429 949 595 1031 θορυβεῖν
606 931 808 1015 ἐ’παύσαντο.

68 1065 85 1118 6
180 1052 337 1117 Σκιπίων
360 1044 585 1133 Ιδορυάλωτον
599 1043 727 1132 ’λαβών
755 1046 793 1113 ἐν
813 1039 940 1133 Ἰβηρίᾳ
967 1040 1066 1113 πόλιν

105 1158 298 1234 Οίνυσσαν,
333 1143 377 1228 ὡς
410 1153 445 1216 οί
469 1149 711 1236 λαφυραγωγοὶ
736 1148 910 1234 παρθένον
937 1141 1066 1233 ήγαγου

101 1251 245 1330 κάλλους
258 1247 441 1338 ὑπερφυῶς
456 1255 599 1336 ἔχουσαν
605 1301 614 1335 ,
637 1248 696 1318 τόν
717 1249 842 1336 πατέρα
857 1244 961 1337 αύτής
981 1245 1063 1320 άνα·
1079 1272 1097 1314 ο

102 1353 240 1442 ζητήσας
274 1355 448 1440 ἐχαρίσατο
479 1347 570 1444 αὐτῷ
602 1348 663 1440 τήν
690 1352 872 1438 θυγατέρα.
934 1356 1003 1421 Τοῦ
1030 1351 1065 1420 δδ

103 1461 196 1545 δῶρα
223 1461 518 1543 προσκομίσαντος,
544 1449 562 1523 ὁ
590 1454 627 1523 δὲ
658 1454 841 1523 καὶταῦτα
867 1453 1064 1544 συνεδωρή-

101 1581 192 1645 σατο,
211 1571 332 1647 προῖκα
348 1556 457 1645 φήσας
469 1556 658 1625 ἐπιδιδόναι
675 1560 717 1646 τή
732 1554 824 1645 κόρη.
839 1551 942 1627 Ὅσαι
957 1556 996 1627 δέ
1011 1557 1065 1627 καὶ

100 1659 199 1731 άλλαι
224 1675 382 1748 γυναῖκες
409 1663 478 1727 τῶν
507 1649 545 1727 εὖ
575 1657 763 1746 γεγονότων
788 1652 811 1746 ή
838 1654 1065 1747 θυγατέρεςή

100 1769 219 1842 παῖδες
238 1759 331 1852 ὥραν
351 1769 482 1849 ἔχοντες
496 1760 646 1831 ἑάλωσαν
654 1811 664 1847 ,
683 1759 813 1841 τούτοις
827 1763 989 1849 ἐπέστησε
1003 1761 1092 1833 δύου

96 1862 266 1953 Ῥωμαίων
292 1863 589 1953 σωφρονεστάτους
609 1867 732 1933 ἐκτῶν
752 1865 1010 1952 πρεσβυτέρων,
1033 1871 1065 1935 ολ

100 1972 352 2056 θεραπευτήρες
365 1966 421 2035 καλ
435 1974 596 2055 χορηγίαν
614 1970 736 2054 ἔνεμον
756 1981 825 2046 τοϊς
844 1964 1063 2054 αἰχμαλώτοις

100 2067 184 2139 κατά
209 2066 272 2157 τήν
299 2066 395 2150 ἀξίαν
426 2063 550 2139 αὐτῶν.
595 2076 787 2148 Σκιπίωνος
812 2063 833 2158 ή
857 2069 1063 2160 σωφροσύνη

100 2166 224 2250 πολλάς
243 2169 356 2250 πόλεις
372 2167 535 2260 Ἰβηρικὰς
555 2165 723 2258 Ῥωμαίοις
744 2177 844 2260 φίλας
857 2174 914 2242 καὶ
929 2172 1061 2263 συμμά-

99 2301 178 2360 χους
192 2273 331 2353 ἑκούσας
345 2277 511 2360 ἐποίησεν.
1075 2303 1093 2343 ει

66 2402 82 2456 7
176 2381 333 2444 Σκιπίων
365 2374 508 2461 Σόφακα
544 2371 603 2443 τδν
642 2380 890 2453 Μασαισυλίων
922 2379 1062 2464 βασιλέα

51 2490 57 2497 ’
100 2475 275 2565 σύμμαχον
288 2477 510 2565 ποιησάμενος
533 2479 690 2563 διέβαλεν
714 2481 760 2556 είς
779 2484 955 2547 Σικελίαν.
988 2476 1060 2548 Ἀσ-

99 2579 246 2668 δρούβας
272 2583 445 2667 θυγατέρα
469 2581 644 2667 παρθένον
675 2585 779 2667 ἔχων,
803 2568 1007 2669 θαυμαστὴν
1025 2578 1064 2650 τὸ

99 2680 237 2766 κάλλος,
264 2681 425 2752 ἐκδώσειν
451 2678 613 2768 ὑπέσχετο
638 2682 792 2768 Σόφακι,
818 2688 882 2771 τής·
892 2679 1062 2770 Ῥωμαίων

99 2790 285 2871 συμμαχίας
299 2781 490 2855 ἀποστάντι.
520 2779 556 2852 ‘0
571 2784 609 2853 δέ
623 2784 729 2873 γήμας
742 2782 804 2873 τήν
818 2784 922 2874 κόρην
937 2789 1060 2871 προσέ-
1076 2817 1097 2856 α.

98 2896 179 2955 θετο
206 2889 448 2973 Καρχηδονίοις
482 2887 538 2956 καί
558 2890 757 2976 παραχρῆμα
779 2889 957 2965 ,ἐπέστειλε
975 2896 1061 2959 Σκι-

98 2995 218 3071 πίωνι,
240 2985 463 3078 ἀπαγορεύων
482 2991 639 3076 ἐπιβῆναι
659 2988 798 3077 Λιβύης.
831 2996 990 3063 Σκιπίων
1015 2997 1062 3063 εί-

98 3088 164 3170 δως
174 3087 353 3178 Ῥωμαίους
368 3092 423 3160 ἐπὶ
436 3096 476 3179 τῇ
490 3091 650 3178 Σόφακος
669 3099 839 3185 συμμαχία
860 3096 945 3180 μέγα
960 3091 1060 3183 ’φρο-

49 3282 52 3288 Ι
96 3197 256 3279 νούντας,
272 3200 303 3263 εἰ
315 3193 353 3263 δέ
362 3193 505 3282 μάθοιεν
518 3197 804 3282 προστεθειμένον
812 3211 881 3276 τοῖς
889 3190 1065 3285 πολεμίοις’

96 3291 158 3363 οόκ
178 3289 221 3363 άν
240 3296 465 3384 τολμήσοντας
486 3301 533 3374 είς
550 3297 684 3385 Λιβύην
706 3303 911 3385 διαβαίνειν,
937 3301 1057 3386 ἐκκλη-
1079 3336 1101 3378 ³0

95 3404 173 3467 σίαν
199 3394 313 3467 αότοῑν
340 3396 543 3484 συναγαγων
574 3403 606 3480 ἐς
632 3397 833 3470 τούναντίον
859 3408 1059 3491 μετεποίηοε

93 3496 133 3566 τά
153 3506 329 3590 γράμματα
354 3504 416 3570 τού
435 3501 614 3590 Σόφακος,
643 3499 688 3585 ὡς
713 3508 896 3587 καλοῦντος
916 3499 1057 3595 Ῥωμαί-
