<?xml version="1.0" encoding="UTF-8"?>
<!DOCTYPE html PUBLIC "-//W3C//DTD XHTML 1.0 Transitional//EN"
    "http://www.w3.org/TR/xhtml1/DTD/xhtml1-transitional.dtd">
<html xmlns="http://www.w3.org/1999/xhtml" xml:lang="en" lang="en">
 <head>
  <title>
</title>
<meta http-equiv="Content-Type" content="text/html;charset=utf-8" />
  <meta name='ocr-system' content='tesseract 3.04.00' />
  <meta name='ocr-capabilities' content='ocr_page ocr_carea ocr_par ocr_line ocrx_word'/>
</head>
<body>
  <div class='ocr_page' id='page_1' title='image "./polyaenistrateg00polygoog_0416.png"; bbox 0 0 2318 3892; ppageno 0'>
   <div class='ocr_carea' id='block_1_1' title="bbox 452 166 1022 234">
    <p class='ocr_par' dir='ltr' id='par_1_1' title="bbox 452 166 1022 234">
     <span class='ocr_line' id='line_1_1' title="bbox 452 166 1022 234; baseline -0.011 -2"><span class='ocrx_word' id='word_1_1' title='bbox 452 172 633 234; x_wconf 85' lang='grc' dir='ltr'><strong><em>ΟΓΛΟΟΝ.</em></strong></span> <span class='ocrx_word' id='word_1_2' title='bbox 962 166 1022 227; x_wconf 84' lang='grc'><strong><em>327</em></strong></span> 
     </span>
    </p>
   </div>
   <div class='ocr_carea' id='block_1_2' title="bbox 402 338 677 394">
    <p class='ocr_par' dir='ltr' id='par_1_2' title="bbox 402 338 677 394">
     <span class='ocr_line' id='line_1_2' title="bbox 402 338 677 394; baseline 0.007 -2"><span class='ocrx_word' id='word_1_3' title='bbox 402 338 443 392; x_wconf 76' lang='grc'><strong><em>53.</em></strong></span> <span class='ocrx_word' id='word_1_4' title='bbox 463 340 677 394; x_wconf 85' lang='grc' dir='ltr'><strong>ΑΡΤΕΜΙΣΙΑ.</strong></span> 
     </span>
    </p>
   </div>
   <div class='ocr_carea' id='block_1_3' title="bbox 56 481 1053 674">
    <p class='ocr_par' dir='ltr' id='par_1_3' title="bbox 56 481 1053 674">
     <span class='ocr_line' id='line_1_3' title="bbox 134 481 1053 572; baseline 0.002 -22"><span class='ocrx_word' id='word_1_5' title='bbox 134 481 321 571; x_wconf 79' lang='grc' dir='ltr'><strong><em>Ἀρτεμισία</em></strong></span> <span class='ocrx_word' id='word_1_6' title='bbox 341 482 417 570; x_wconf 78' lang='grc' dir='ltr'><strong><em>περὶ</em></strong></span> <span class='ocrx_word' id='word_1_7' title='bbox 431 490 608 569; x_wconf 88' lang='grc' dir='ltr'><strong><em>Σαλαμῖνα</em></strong></span> <span class='ocrx_word' id='word_1_8' title='bbox 621 482 867 572; x_wconf 91' lang='grc' dir='ltr'><strong><em>συνεναυμάχει</em></strong></span> <span class='ocrx_word' id='word_1_9' title='bbox 882 484 1020 571; x_wconf 63' lang='grc' dir='ltr'><strong><em>[Ξόρξηῖ</em></strong></span> <span class='ocrx_word' id='word_1_10' title='bbox 1040 509 1053 560; x_wconf 90' lang='lat'>1</span> 
     </span>
     <span class='ocr_line' id='line_1_4' title="bbox 56 581 1019 674; baseline -0.001 -21"><span class='ocrx_word' id='word_1_11' title='bbox 56 584 135 665; x_wconf 78' lang='grc' dir='ltr'><strong><em>τοὺς</em></strong></span> <span class='ocrx_word' id='word_1_12' title='bbox 163 587 295 674; x_wconf 78' lang='grc' dir='ltr'><strong><em>Πέρσας</em></strong></span> <span class='ocrx_word' id='word_1_13' title='bbox 330 581 393 673; x_wconf 76' lang='grc' dir='ltr'><strong><em>ἤδη</em></strong></span> <span class='ocrx_word' id='word_1_14' title='bbox 428 583 616 673; x_wconf 77' lang='grc' dir='ltr'><strong><em>φεύγοντας</em></strong></span> <span class='ocrx_word' id='word_1_15' title='bbox 643 591 678 653; x_wconf 83' lang='grc' dir='ltr'><strong><em>οί</em></strong></span> <span class='ocrx_word' id='word_1_16' title='bbox 688 582 844 673; x_wconf 84' lang='grc' dir='ltr'><strong><em>Ἕλληνες</em></strong></span> <span class='ocrx_word' id='word_1_17' title='bbox 870 589 1019 654; x_wconf 79' lang='grc' dir='ltr'><strong><em>ἐδίωκον.</em></strong></span> 
     </span>
    </p>
   </div>
   <div class='ocr_carea' id='block_1_4' title="bbox 10 683 1052 3442">
    <p class='ocr_par' dir='ltr' id='par_1_4' title="bbox 19 683 1048 1500">
     <span class='ocr_line' id='line_1_5' title="bbox 52 683 1021 777; baseline 0 -21"><span class='ocrx_word' id='word_1_18' title='bbox 52 683 97 756; x_wconf 85' lang='grc' dir='ltr'><strong>Ἡ</strong></span> <span class='ocrx_word' id='word_1_19' title='bbox 107 688 143 757; x_wconf 78' lang='grc' dir='ltr'><strong><em>δὲ</em></strong></span> <span class='ocrx_word' id='word_1_20' title='bbox 157 689 477 777; x_wconf 75' lang='grc' dir='ltr'><strong><em>καταλαμβανομένη</em></strong></span> <span class='ocrx_word' id='word_1_21' title='bbox 491 690 671 774; x_wconf 79' lang='grc' dir='ltr'><strong><em>προσέταξε</em></strong></span> <span class='ocrx_word' id='word_1_22' title='bbox 693 701 761 768; x_wconf 89' lang='grc' dir='ltr'><strong><em>τοῖς</em></strong></span> <span class='ocrx_word' id='word_1_23' title='bbox 773 689 836 777; x_wconf 75' lang='grc' dir='ltr'><strong><em>μὲν</em></strong></span> <span class='ocrx_word' id='word_1_24' title='bbox 849 688 1021 774; x_wconf 78' lang='grc' dir='ltr'><strong><em>ἐπιβάταις</em></strong></span> 
     </span>
     <span class='ocr_line' id='line_1_6' title="bbox 26 786 1048 884; baseline 0.006 -30"><span class='ocrx_word' id='word_1_25' title='bbox 26 816 39 853; x_wconf 84' lang='grc' dir='ltr'><strong><em>ε</em></strong></span> <span class='ocrx_word' id='word_1_26' title='bbox 58 787 197 877; x_wconf 76' lang='grc' dir='ltr'><strong><em>ἀφελεῖν</em></strong></span> <span class='ocrx_word' id='word_1_27' title='bbox 216 795 274 880; x_wconf 76' lang='grc' dir='ltr'><strong><em>τῆς</em></strong></span> <span class='ocrx_word' id='word_1_28' title='bbox 293 788 378 870; x_wconf 76' lang='grc' dir='ltr'><strong><em>νεός</em></strong></span> <span class='ocrx_word' id='word_1_29' title='bbox 395 786 436 858; x_wconf 84' lang='grc' dir='ltr'><strong><em>τά</em></strong></span> <span class='ocrx_word' id='word_1_30' title='bbox 449 804 567 878; x_wconf 89' lang='grc' dir='ltr'><strong><em>σημεῖα</em></strong></span> <span class='ocrx_word' id='word_1_31' title='bbox 588 787 629 859; x_wconf 82' lang='grc' dir='ltr'><strong><em>τά</em></strong></span> <span class='ocrx_word' id='word_1_32' title='bbox 643 789 810 881; x_wconf 88' lang='grc' dir='ltr'><strong><em>Περσικά,</em></strong></span> <span class='ocrx_word' id='word_1_33' title='bbox 829 795 876 884; x_wconf 76' lang='grc' dir='ltr'><strong><em>τῷ</em></strong></span> <span class='ocrx_word' id='word_1_34' title='bbox 897 799 1018 878; x_wconf 87' lang='grc' dir='ltr'><strong><em>κνβερ-</em></strong></span> <span class='ocrx_word' id='word_1_35' title='bbox 1045 791 1048 797; x_wconf 66' lang='grc'><strong>’</strong></span> 
     </span>
     <span class='ocr_line' id='line_1_7' title="bbox 57 891 1021 983; baseline 0 -21"><span class='ocrx_word' id='word_1_36' title='bbox 57 891 140 981; x_wconf 77' lang='grc' dir='ltr'><strong><em>νήτη</em></strong></span> <span class='ocrx_word' id='word_1_37' title='bbox 169 895 222 978; x_wconf 75' lang='grc' dir='ltr'><strong><em>δὲ,</em></strong></span> <span class='ocrx_word' id='word_1_38' title='bbox 249 896 407 982; x_wconf 79' lang='grc' dir='ltr'><strong><em>ἐμβαλεῖν</em></strong></span> <span class='ocrx_word' id='word_1_39' title='bbox 431 900 477 972; x_wconf 87' lang='grc' dir='ltr'><strong><em>είς</em></strong></span> <span class='ocrx_word' id='word_1_40' title='bbox 499 891 560 982; x_wconf 80' lang='grc' dir='ltr'><strong><em>τὴν</em></strong></span> <span class='ocrx_word' id='word_1_41' title='bbox 579 894 669 961; x_wconf 84' lang='grc' dir='ltr'><strong><em>’ναῦν</em></strong></span> <span class='ocrx_word' id='word_1_42' title='bbox 697 892 760 982; x_wconf 80' lang='grc' dir='ltr'><strong><em>τὴν</em></strong></span> <span class='ocrx_word' id='word_1_43' title='bbox 786 896 1021 983; x_wconf 81' lang='grc' dir='ltr'><strong><em>προπλόουσαν</em></strong></span> 
     </span>
     <span class='ocr_line' id='line_1_8' title="bbox 22 990 1020 1084; baseline 0.002 -23"><span class='ocrx_word' id='word_1_44' title='bbox 22 1053 29 1061; x_wconf 97' lang='grc'><strong><em>.</em></strong></span> <span class='ocrx_word' id='word_1_45' title='bbox 57 995 236 1083; x_wconf 77' lang='grc' dir='ltr'><strong><em>Περσικήν.</em></strong></span> <span class='ocrx_word' id='word_1_46' title='bbox 261 1001 306 1064; x_wconf 86' lang='grc' dir='ltr'><strong><em>Οί</em></strong></span> <span class='ocrx_word' id='word_1_47' title='bbox 312 993 469 1083; x_wconf 83' lang='grc' dir='ltr'><strong><em>Ἕλληνες</em></strong></span> <span class='ocrx_word' id='word_1_48' title='bbox 483 990 747 1084; x_wconf 80' lang='grc' dir='ltr'><strong><em>ταῦταδριόντες,</em></strong></span> <span class='ocrx_word' id='word_1_49' title='bbox 755 999 927 1084; x_wconf 79' lang='grc' dir='ltr'><strong><em>οἰηθέντες</em></strong></span> <span class='ocrx_word' id='word_1_50' title='bbox 940 1003 1020 1084; x_wconf 90' lang='grc' dir='ltr'><strong><em>μίαν</em></strong></span> 
     </span>
     <span class='ocr_line' id='line_1_9' title="bbox 58 1093 1019 1187; baseline 0 -21"><span class='ocrx_word' id='word_1_51' title='bbox 58 1097 145 1166; x_wconf 84' lang='grc' dir='ltr'><strong><em>εἶναι</em></strong></span> <span class='ocrx_word' id='word_1_52' title='bbox 161 1103 228 1165; x_wconf 78' lang='grc' dir='ltr'><strong><em>των</em></strong></span> <span class='ocrx_word' id='word_1_53' title='bbox 242 1103 459 1187; x_wconf 78' lang='grc' dir='ltr'><strong><em>συμμαχίδων</em></strong></span> <span class='ocrx_word' id='word_1_54' title='bbox 473 1103 578 1184; x_wconf 79' lang='grc' dir='ltr'><strong><em>νεῶν,</em></strong></span> <span class='ocrx_word' id='word_1_55' title='bbox 593 1093 812 1178; x_wconf 75' lang='grc' dir='ltr'><strong><em>ἀπολιπόντες</em></strong></span> <span class='ocrx_word' id='word_1_56' title='bbox 826 1097 952 1186; x_wconf 85' lang='grc' dir='ltr'><strong><em>ταύτην</em></strong></span> <span class='ocrx_word' id='word_1_57' title='bbox 966 1100 1019 1166; x_wconf 75' lang='grc' dir='ltr'><strong><em>ἐπὶ</em></strong></span> 
     </span>
     <span class='ocr_line' id='line_1_10' title="bbox 56 1194 1018 1289; baseline 0.001 -22"><span class='ocrx_word' id='word_1_58' title='bbox 56 1197 115 1279; x_wconf 87' lang='grc' dir='ltr'><strong><em>τάς</em></strong></span> <span class='ocrx_word' id='word_1_59' title='bbox 141 1194 242 1279; x_wconf 80' lang='grc' dir='ltr'><strong><em>άλλας</em></strong></span> <span class='ocrx_word' id='word_1_60' title='bbox 269 1199 467 1289; x_wconf 89' lang='grc' dir='ltr'><strong><em>ἐτράποντο·</em></strong></span> <span class='ocrx_word' id='word_1_61' title='bbox 495 1196 682 1289; x_wconf 83' lang='grc' dir='ltr'><strong><em>Ἀρτεμισία</em></strong></span> <span class='ocrx_word' id='word_1_62' title='bbox 707 1201 763 1288; x_wconf 71' lang='grc' dir='ltr'><strong><em>δὲ,</em></strong></span> <span class='ocrx_word' id='word_1_63' title='bbox 784 1199 843 1270; x_wconf 87' lang='grc' dir='ltr'><strong><em>τὸν</em></strong></span> <span class='ocrx_word' id='word_1_64' title='bbox 856 1205 1018 1269; x_wconf 91' lang='grc' dir='ltr'><strong><em>κίνδυνον</em></strong></span> 
     </span>
     <span class='ocr_line' id='line_1_11' title="bbox 19 1301 1018 1392; baseline 0.003 -25"><span class='ocrx_word' id='word_1_65' title='bbox 19 1322 41 1366; x_wconf 80' lang='grc' dir='ltr'><strong><em>ιο</em></strong></span> <span class='ocrx_word' id='word_1_66' title='bbox 56 1305 269 1389; x_wconf 78' lang='grc' dir='ltr'><strong><em>ἐπικείμενον</em></strong></span> <span class='ocrx_word' id='word_1_67' title='bbox 301 1304 511 1390; x_wconf 80' lang='grc' dir='ltr'><strong><em>ἐκφυγοῦσα,</em></strong></span> <span class='ocrx_word' id='word_1_68' title='bbox 554 1306 602 1382; x_wconf 86' lang='grc' dir='ltr'><strong><em>είς</em></strong></span> <span class='ocrx_word' id='word_1_69' title='bbox 637 1309 772 1392; x_wconf 88' lang='grc' dir='ltr'><strong><em>Καρίαν</em></strong></span> <span class='ocrx_word' id='word_1_70' title='bbox 805 1301 1018 1373; x_wconf 84' lang='grc' dir='ltr'><strong><em>άποπλίονσα</em></strong></span> 
     </span>
     <span class='ocr_line' id='line_1_12' title="bbox 55 1430 169 1500; baseline -0.009 -27"><span class='ocrx_word' id='word_1_71' title='bbox 55 1430 169 1500; x_wconf 76' lang='grc' dir='ltr'><strong><em>ωχετο.</em></strong></span> 
     </span>
    </p>

    <p class='ocr_par' dir='ltr' id='par_1_5' title="bbox 53 1503 1051 1801">
     <span class='ocr_line' id='line_1_13' title="bbox 129 1503 1051 1596; baseline 0.001 -22"><span class='ocrx_word' id='word_1_72' title='bbox 129 1503 316 1596; x_wconf 85' lang='grc' dir='ltr'><strong><em>Ἀρτεμισία</em></strong></span> <span class='ocrx_word' id='word_1_73' title='bbox 323 1505 539 1595; x_wconf 80' lang='grc' dir='ltr'><strong><em>Λυγδάμιδος</em></strong></span> <span class='ocrx_word' id='word_1_74' title='bbox 552 1508 715 1575; x_wconf 78' lang='grc' dir='ltr'><strong><em>κατέδυσε</em></strong></span> <span class='ocrx_word' id='word_1_75' title='bbox 725 1508 813 1574; x_wconf 81' lang='grc' dir='ltr'><strong><em>ναῦν</em></strong></span> <span class='ocrx_word' id='word_1_76' title='bbox 826 1510 1018 1594; x_wconf 84' lang='grc' dir='ltr'><strong><em>συμμαχίδα</em></strong></span> <span class='ocrx_word' id='word_1_77' title='bbox 1035 1515 1051 1566; x_wconf 77' lang='lat'><strong>2</strong></span> 
     </span>
     <span class='ocr_line' id='line_1_14' title="bbox 53 1605 1019 1697; baseline 0 -20"><span class='ocrx_word' id='word_1_78' title='bbox 53 1615 255 1679; x_wconf 88' lang='grc' dir='ltr'><strong><em>Καλυνδίδα</em></strong></span> <span class='ocrx_word' id='word_1_79' title='bbox 280 1610 337 1679; x_wconf 79' lang='grc' dir='ltr'><strong><em>καὶ</em></strong></span> <span class='ocrx_word' id='word_1_80' title='bbox 353 1608 553 1697; x_wconf 81' lang='grc' dir='ltr'><strong><em>τριήραρχον</em></strong></span> <span class='ocrx_word' id='word_1_81' title='bbox 566 1615 823 1697; x_wconf 89' lang='grc' dir='ltr'><strong><em>Δαμασίθυμον.</em></strong></span> <span class='ocrx_word' id='word_1_82' title='bbox 847 1605 1019 1696; x_wconf 79' lang='grc' dir='ltr'><strong><em>Ἔπεμψεν</em></strong></span> 
     </span>
     <span class='ocr_line' id='line_1_15' title="bbox 53 1705 1019 1837; baseline -0.002 -56"><span class='ocrx_word' id='word_1_83' title='bbox 53 1739 141 1800; x_wconf 87' lang='grc' dir='ltr'><strong><em>αυτη</em></strong></span> <span class='ocrx_word' id='word_1_84' title='bbox 166 1710 324 1837; x_wconf 80' lang='grc' dir='ltr'><strong><em>βρισιλεδς</em></strong></span> <span class='ocrx_word' id='word_1_85' title='bbox 342 1708 511 1801; x_wconf 86' lang='grc' dir='ltr'><strong><em>άριστεῖον</em></strong></span> <span class='ocrx_word' id='word_1_86' title='bbox 525 1718 716 1780; x_wconf 80' lang='grc' dir='ltr'><strong><em>πανοπλίαν</em></strong></span> <span class='ocrx_word' id='word_1_87' title='bbox 734 1705 948 1798; x_wconf 83' lang='grc' dir='ltr'><strong><em>Ελληνικην,</em></strong></span> <span class='ocrx_word' id='word_1_88' title='bbox 972 1716 1019 1803; x_wconf 76' lang='grc' dir='ltr'><strong><em>τῷ</em></strong></span> 
     </span>
    </p>

    <p class='ocr_par' dir='ltr' id='par_1_6' title="bbox 10 1809 921 1909">
     <span class='ocr_line' id='line_1_16' title="bbox 10 1809 921 1909; baseline -0.001 -26.993"><span class='ocrx_word' id='word_1_89' title='bbox 10 1841 33 1882; x_wconf 99' lang='lat'><strong><em>5</em></strong></span> <span class='ocrx_word' id='word_1_90' title='bbox 56 1814 95 1882; x_wconf 74' lang='grc' dir='ltr'><strong><em>δὲ</em></strong></span> <span class='ocrx_word' id='word_1_91' title='bbox 109 1814 266 1909; x_wconf 91' lang='grc' dir='ltr'><strong><em>νανάρχω</em></strong></span> <span class='ocrx_word' id='word_1_92' title='bbox 280 1841 340 1883; x_wconf 90' lang='grc' dir='ltr'><strong><em>τον</em></strong></span> <span class='ocrx_word' id='word_1_93' title='bbox 327 1812 511 1883; x_wconf 79' lang='grc' dir='ltr'><strong><em>στόλον”</em></strong></span> <span class='ocrx_word' id='word_1_94' title='bbox 489 1840 654 1903; x_wconf 88' lang='grc' dir='ltr'><strong><em>ατρακτον</em></strong></span> <span class='ocrx_word' id='word_1_95' title='bbox 669 1814 726 1882; x_wconf 79' lang='grc' dir='ltr'><strong><em>καὶ</em></strong></span> <span class='ocrx_word' id='word_1_96' title='bbox 744 1809 921 1901; x_wconf 78' lang='grc' dir='ltr'><strong><em>ἠλακάτην.</em></strong></span> 
     </span>
    </p>

    <p class='ocr_par' dir='ltr' id='par_1_7' title="bbox 52 1912 1051 2313">
     <span class='ocr_line' id='line_1_17' title="bbox 127 1912 1051 2042; baseline -0.002 -57.996"><span class='ocrx_word' id='word_1_97' title='bbox 127 1912 313 2008; x_wconf 84' lang='grc' dir='ltr'><strong><em>Ἀρτεμισία</em></strong></span> <span class='ocrx_word' id='word_1_98' title='bbox 334 1921 581 2042; x_wconf 82' lang='grc' dir='ltr'><strong><em>τριηραρχοῦσα</em></strong></span> <span class='ocrx_word' id='word_1_99' title='bbox 601 1912 685 1996; x_wconf 80' lang='grc' dir='ltr'><strong><em>νεός</em></strong></span> <span class='ocrx_word' id='word_1_100' title='bbox 706 1919 836 2004; x_wconf 86' lang='grc' dir='ltr'><strong><em>μακράς</em></strong></span> <span class='ocrx_word' id='word_1_101' title='bbox 855 1912 897 1983; x_wconf 82' lang='grc' dir='ltr'><strong><em>οὐ</em></strong></span> <span class='ocrx_word' id='word_1_102' title='bbox 911 1940 1017 2004; x_wconf 89' lang='grc' dir='ltr'><strong><em>μονον</em></strong></span> <span class='ocrx_word' id='word_1_103' title='bbox 1035 1928 1051 1982; x_wconf 83' lang='grc'><strong>3</strong></span> 
     </span>
     <span class='ocr_line' id='line_1_18' title="bbox 52 2015 1019 2142; baseline -0.002 -54"><span class='ocrx_word' id='word_1_104' title='bbox 52 2018 91 2088; x_wconf 87' lang='grc' dir='ltr'><strong><em>τὸ</em></strong></span> <span class='ocrx_word' id='word_1_105' title='bbox 106 2018 384 2110; x_wconf 77' lang='grc' dir='ltr'><strong><em>τῶνβαρβάρων,</em></strong></span> <span class='ocrx_word' id='word_1_106' title='bbox 407 2015 491 2088; x_wconf 84' lang='grc' dir='ltr'><strong><em>άλλόι</em></strong></span> <span class='ocrx_word' id='word_1_107' title='bbox 503 2017 606 2090; x_wconf 81' lang='grc' dir='ltr'><strong><em>καὶ</em></strong></span> <span class='ocrx_word' id='word_1_108' title='bbox 572 2046 609 2088; x_wconf 89' lang='grc' dir='ltr'><strong><em>το</em></strong></span> <span class='ocrx_word' id='word_1_109' title='bbox 625 2046 693 2088; x_wconf 89' lang='grc' dir='ltr'><strong><em>των</em></strong></span> <span class='ocrx_word' id='word_1_110' title='bbox 701 2015 869 2106; x_wconf 90' lang='grc' dir='ltr'><strong><em>Ελληνων</em></strong></span> <span class='ocrx_word' id='word_1_111' title='bbox 881 2031 1019 2142; x_wconf 83' lang='grc' dir='ltr'><strong><em>σημεῖον</em></strong></span> 
     </span>
     <span class='ocr_line' id='line_1_19' title="bbox 56 2117 1017 2212; baseline -0.002 -21"><span class='ocrx_word' id='word_1_112' title='bbox 56 2123 222 2211; x_wconf 80' lang='grc' dir='ltr'><strong><em>εἶχενΕ</em></strong></span> <span class='ocrx_word' id='word_1_113' title='bbox 190 2123 308 2211; x_wconf 75' lang='grc' dir='ltr'><strong><em>δν</em></strong></span> <span class='ocrx_word' id='word_1_114' title='bbox 321 2125 376 2192; x_wconf 89' lang='grc' dir='ltr'><strong><em>ἐδ</em></strong></span> <span class='ocrx_word' id='word_1_115' title='bbox 361 2128 463 2191; x_wconf 88' lang='grc' dir='ltr'><strong><em>ωκεν</em></strong></span> <span class='ocrx_word' id='word_1_116' title='bbox 476 2151 560 2212; x_wconf 90' lang='grc' dir='ltr'><strong><em>αντη</em></strong></span> <span class='ocrx_word' id='word_1_117' title='bbox 573 2149 662 2191; x_wconf 92' lang='grc' dir='ltr'><strong><em>νανν</em></strong></span> <span class='ocrx_word' id='word_1_118' title='bbox 670 2117 804 2208; x_wconf 75' lang='grc' dir='ltr'><strong><em>Ἐλληνί</em></strong></span> <span class='ocrx_word' id='word_1_119' title='bbox 789 2126 863 2207; x_wconf 88' lang='grc' dir='ltr'><strong><em>ί,δα</em></strong></span> <span class='ocrx_word' id='word_1_120' title='bbox 883 2118 1017 2245; x_wconf 82' lang='grc' dir='ltr'><strong><em>τδβαρ-</em></strong></span> 
     </span>
     <span class='ocr_line' id='line_1_20' title="bbox 55 2174 1019 2348; baseline -0.004 -54"><span class='ocrx_word' id='word_1_121' title='bbox 55 2222 230 2313; x_wconf 84' lang='grc' dir='ltr'><strong><em>βαρικδν’</em></strong></span> <span class='ocrx_word' id='word_1_122' title='bbox 211 2227 360 2294; x_wconf 84' lang='grc' dir='ltr'><strong><em>ανίτεινε</em></strong></span> <span class='ocrx_word' id='word_1_123' title='bbox 373 2239 527 2348; x_wconf 80' lang='grc' dir='ltr'><strong><em>σημεῖρν·</em></strong></span> <span class='ocrx_word' id='word_1_124' title='bbox 550 2231 581 2293; x_wconf 86' lang='grc' dir='ltr'><strong><em>εί</em></strong></span> <span class='ocrx_word' id='word_1_125' title='bbox 595 2221 663 2292; x_wconf 66' lang='grc' dir='ltr'><strong><em>δὲ’</em></strong></span> <span class='ocrx_word' id='word_1_126' title='bbox 645 2249 712 2292; x_wconf 92' lang='grc' dir='ltr'><strong><em>υπο</em></strong></span> <span class='ocrx_word' id='word_1_127' title='bbox 699 2174 912 2311; x_wconf 81' lang='grc' dir='ltr'><strong><em>Ελληνίδος</em></strong></span> <span class='ocrx_word' id='word_1_128' title='bbox 934 2223 1019 2302; x_wconf 80' lang='grc' dir='ltr'><strong><em>νεεδς</em></strong></span> 
     </span>
    </p>

    <p class='ocr_par' dir='ltr' id='par_1_8' title="bbox 10 2321 1052 2519">
     <span class='ocr_line' id='line_1_21' title="bbox 10 2321 1052 2447; baseline -0.003 -52"><span class='ocrx_word' id='word_1_129' title='bbox 10 2348 36 2386; x_wconf 80' lang='lat'><strong><em>²0</em></strong></span> <span class='ocrx_word' id='word_1_130' title='bbox 56 2326 231 2413; x_wconf 77' lang='grc' dir='ltr'><strong><em>ἐδιώκετο,</em></strong></span> <span class='ocrx_word' id='word_1_131' title='bbox 254 2323 402 2397; x_wconf 85' lang='grc' dir='ltr'><strong><em>άνέτεινε</em></strong></span> <span class='ocrx_word' id='word_1_132' title='bbox 420 2325 457 2395; x_wconf 86' lang='grc' dir='ltr'><strong><em>τὸ</em></strong></span> <span class='ocrx_word' id='word_1_133' title='bbox 475 2321 724 2415; x_wconf 78' lang='grc' dir='ltr'><strong><em>Ἑλληνικὸν,“</em></strong></span> <span class='ocrx_word' id='word_1_134' title='bbox 709 2353 765 2395; x_wconf 93' lang='grc' dir='ltr'><strong><em>ινα</em></strong></span> <span class='ocrx_word' id='word_1_135' title='bbox 785 2329 819 2393; x_wconf 79' lang='lat' dir='ltr'><strong><em>oc</em></strong></span> <span class='ocrx_word' id='word_1_136' title='bbox 839 2321 1052 2447; x_wconf 72' lang='grc' dir='ltr'><strong><em>διώκοντες</em></strong></span> 
     </span>
     <span class='ocr_line' id='line_1_22' title="bbox 61 2425 619 2519; baseline -0.004 -21"><span class='ocrx_word' id='word_1_137' title='bbox 61 2425 106 2510; x_wconf 77' lang='grc' dir='ltr'><strong><em>ὡς</em></strong></span> <span class='ocrx_word' id='word_1_138' title='bbox 116 2427 309 2519; x_wconf 82' lang='grc' dir='ltr'><strong><em>Ελληνικης</em></strong></span> <span class='ocrx_word' id='word_1_139' title='bbox 323 2427 408 2510; x_wconf 78' lang='grc' dir='ltr'><strong><em>νεός</em></strong></span> <span class='ocrx_word' id='word_1_140' title='bbox 421 2425 619 2517; x_wconf 89' lang='grc' dir='ltr'><strong><em>άπεχωνται.</em></strong></span> 
     </span>
    </p>

    <p class='ocr_par' dir='ltr' id='par_1_9' title="bbox 55 2523 1052 2826">
     <span class='ocr_line' id='line_1_23' title="bbox 125 2523 1052 2652; baseline -0.001 -52.997"><span class='ocrx_word' id='word_1_141' title='bbox 125 2529 311 2621; x_wconf 88' lang='grc' dir='ltr'><strong><em>Ἀρτεμισία</em></strong></span> <span class='ocrx_word' id='word_1_142' title='bbox 336 2531 472 2620; x_wconf 79' lang='grc' dir='ltr'><strong><em>Λάτμον</em></strong></span> <span class='ocrx_word' id='word_1_143' title='bbox 492 2528 710 2652; x_wconf 88' lang='grc' dir='ltr'><strong><em>κατελάβετο,</em></strong></span> <span class='ocrx_word' id='word_1_144' title='bbox 738 2525 800 2615; x_wconf 81' lang='grc' dir='ltr'><strong><em>τὴν</em></strong></span> <span class='ocrx_word' id='word_1_145' title='bbox 825 2527 887 2614; x_wconf 74' lang='grc' dir='ltr'><strong><em>μὲν</em></strong></span> <span class='ocrx_word' id='word_1_146' title='bbox 913 2523 1014 2596; x_wconf 77' lang='grc' dir='ltr'><strong><em>ὡπλι-</em></strong></span> <span class='ocrx_word' id='word_1_147' title='bbox 1034 2546 1052 2598; x_wconf 78' lang='grc'><strong>4</strong></span> 
     </span>
     <span class='ocr_line' id='line_1_24' title="bbox 55 2626 1017 2729; baseline -0.006 -25"><span class='ocrx_word' id='word_1_148' title='bbox 55 2637 182 2724; x_wconf 80' lang='grc' dir='ltr'><strong><em>σμένην</em></strong></span> <span class='ocrx_word' id='word_1_149' title='bbox 203 2633 349 2729; x_wconf 81' lang='grc' dir='ltr'><strong><em>δύναμιν</em></strong></span> <span class='ocrx_word' id='word_1_150' title='bbox 362 2627 695 2721; x_wconf 81' lang='grc' dir='ltr'><strong><em>άποκρνψαμένη,’</em></strong></span> <span class='ocrx_word' id='word_1_151' title='bbox 655 2657 739 2718; x_wconf 89' lang='grc' dir='ltr'><strong><em>αυτη</em></strong></span> <span class='ocrx_word' id='word_1_152' title='bbox 727 2627 790 2699; x_wconf 73' lang='grc' dir='ltr'><strong><em>δέ</em></strong></span> <span class='ocrx_word' id='word_1_153' title='bbox 804 2626 885 2716; x_wconf 87' lang='grc' dir='ltr'><strong><em>μετά</em></strong></span> <span class='ocrx_word' id='word_1_154' title='bbox 900 2626 1017 2700; x_wconf 85' lang='grc' dir='ltr'><strong><em>εάνοό-</em></strong></span> 
     </span>
     <span class='ocr_line' id='line_1_25' title="bbox 58 2732 1017 2826; baseline -0.005 -19"><span class='ocrx_word' id='word_1_155' title='bbox 58 2765 128 2826; x_wconf 91' lang='grc' dir='ltr'><strong><em>χων</em></strong></span> <span class='ocrx_word' id='word_1_156' title='bbox 141 2737 197 2806; x_wconf 79' lang='grc' dir='ltr'><strong><em>καί</em></strong></span> <span class='ocrx_word' id='word_1_157' title='bbox 213 2737 465 2826; x_wconf 70' lang='grc' dir='ltr'><strong><em>γυναικῶνκαὶ</em></strong></span> <span class='ocrx_word' id='word_1_158' title='bbox 482 2732 637 2823; x_wconf 77' lang='grc' dir='ltr'><strong><em>αάλητάν</em></strong></span> <span class='ocrx_word' id='word_1_159' title='bbox 651 2734 708 2802; x_wconf 77' lang='grc' dir='ltr'><strong><em>καί</em></strong></span> <span class='ocrx_word' id='word_1_160' title='bbox 725 2737 963 2822; x_wconf 81' lang='grc' dir='ltr'><strong><em>τνμπανιστιόν</em></strong></span> <span class='ocrx_word' id='word_1_161' title='bbox 984 2736 1017 2812; x_wconf 88' lang='grc' dir='ltr'><strong><em>ἐς</em></strong></span> 
     </span>
    </p>

    <p class='ocr_par' dir='ltr' id='par_1_10' title="bbox 16 2833 1018 3342">
     <span class='ocr_line' id='line_1_26' title="bbox 16 2833 1018 2929; baseline -0.006 -21"><span class='ocrx_word' id='word_1_162' title='bbox 16 2862 39 2899; x_wconf 66' lang='lat'>25</span> <span class='ocrx_word' id='word_1_163' title='bbox 57 2839 94 2909; x_wconf 86' lang='grc' dir='ltr'><strong><em>τὸ</em></strong></span> <span class='ocrx_word' id='word_1_164' title='bbox 116 2837 216 2919; x_wconf 86' lang='grc' dir='ltr'><strong><em>άλσος</em></strong></span> <span class='ocrx_word' id='word_1_165' title='bbox 233 2845 291 2928; x_wconf 79' lang='grc' dir='ltr'><strong><em>τῆς</em></strong></span> <span class='ocrx_word' id='word_1_166' title='bbox 304 2836 442 2929; x_wconf 84' lang='grc' dir='ltr'><strong><em>Μητρός</em></strong></span> <span class='ocrx_word' id='word_1_167' title='bbox 454 2842 523 2907; x_wconf 72' lang='grc' dir='ltr'><strong><em>τοῖν</em></strong></span> <span class='ocrx_word' id='word_1_168' title='bbox 537 2841 647 2922; x_wconf 79' lang='grc' dir='ltr'><strong><em>θεων,</em></strong></span> <span class='ocrx_word' id='word_1_169' title='bbox 669 2833 794 2924; x_wconf 87' lang='grc' dir='ltr'><strong><em>άπέχον</em></strong></span> <span class='ocrx_word' id='word_1_170' title='bbox 813 2839 870 2922; x_wconf 78' lang='grc' dir='ltr'><strong><em>τῆς</em></strong></span> <span class='ocrx_word' id='word_1_171' title='bbox 890 2834 1018 2914; x_wconf 89' lang='grc' dir='ltr'><strong><em>πόλεως</em></strong></span> 
     </span>
     <span class='ocr_line' id='line_1_27' title="bbox 56 2937 1018 3031; baseline -0.007 -19"><span class='ocrx_word' id='word_1_172' title='bbox 56 2941 139 3012; x_wconf 82' lang='grc' dir='ltr'><strong><em>ἑπτά</em></strong></span> <span class='ocrx_word' id='word_1_173' title='bbox 150 2941 280 3028; x_wconf 87' lang='grc' dir='ltr'><strong><em>στάδια,</em></strong></span> <span class='ocrx_word' id='word_1_174' title='bbox 296 2947 471 3031; x_wconf 76' lang='grc' dir='ltr'><strong><em>παρῆλθεν</em></strong></span> <span class='ocrx_word' id='word_1_175' title='bbox 483 2937 691 3028; x_wconf 79' lang='grc' dir='ltr'><strong><em>όργιάζονσα.</em></strong></span> <span class='ocrx_word' id='word_1_176' title='bbox 726 2943 802 3007; x_wconf 72' lang='grc' dir='ltr'><strong><em>Τοῖν</em></strong></span> <span class='ocrx_word' id='word_1_177' title='bbox 812 2937 1018 3024; x_wconf 75' lang='grc' dir='ltr'><strong><em>δέΛατμίων</em></strong></span> 
     </span>
     <span class='ocr_line' id='line_1_28' title="bbox 55 3037 1018 3133; baseline -0.008 -18"><span class='ocrx_word' id='word_1_178' title='bbox 55 3045 295 3131; x_wconf 76' lang='grc' dir='ltr'><strong><em>προελθόντων</em></strong></span> <span class='ocrx_word' id='word_1_179' title='bbox 308 3045 365 3114; x_wconf 80' lang='grc' dir='ltr'><strong><em>καὶ</em></strong></span> <span class='ocrx_word' id='word_1_180' title='bbox 378 3041 439 3133; x_wconf 79' lang='grc' dir='ltr'><strong><em>την</em></strong></span> <span class='ocrx_word' id='word_1_181' title='bbox 453 3040 628 3130; x_wconf 80' lang='grc' dir='ltr'><strong><em>εὐσέβειαν</em></strong></span> <span class='ocrx_word' id='word_1_182' title='bbox 647 3037 749 3130; x_wconf 78' lang='grc' dir='ltr'><strong><em>αὐτῆς</em></strong></span> <span class='ocrx_word' id='word_1_183' title='bbox 765 3039 949 3126; x_wconf 80' lang='grc' dir='ltr'><strong><em>θεωμένων</em></strong></span> <span class='ocrx_word' id='word_1_184' title='bbox 961 3041 1018 3107; x_wconf 79' lang='grc' dir='ltr'><strong><em>καί</em></strong></span> 
     </span>
     <span class='ocr_line' id='line_1_29' title="bbox 53 3139 1017 3236; baseline -0.008 -18"><span class='ocrx_word' id='word_1_185' title='bbox 53 3147 298 3236; x_wconf 80' lang='grc' dir='ltr'><strong><em>θαυμαζόντων</em></strong></span> <span class='ocrx_word' id='word_1_186' title='bbox 305 3201 314 3234; x_wconf 89' lang='grc'><strong><em>,</em></strong></span> <span class='ocrx_word' id='word_1_187' title='bbox 328 3149 364 3215; x_wconf 81' lang='grc' dir='ltr'><strong><em>οῖ</em></strong></span> <span class='ocrx_word' id='word_1_188' title='bbox 373 3141 664 3234; x_wconf 82' lang='grc' dir='ltr'><strong><em>άποκεκρυμμένοι</em></strong></span> <span class='ocrx_word' id='word_1_189' title='bbox 682 3139 927 3221; x_wconf 86' lang='grc' dir='ltr'><strong><em>ἐπαναστάντες</em></strong></span> <span class='ocrx_word' id='word_1_190' title='bbox 939 3168 1017 3211; x_wconf 90' lang='grc' dir='ltr'><strong><em>κατ-</em></strong></span> 
     </span>
     <span class='ocr_line' id='line_1_30' title="bbox 54 3241 1017 3342; baseline -0.009 -22"><span class='ocrx_word' id='word_1_191' title='bbox 54 3251 216 3338; x_wconf 87' lang='grc' dir='ltr'><strong><em>ελάβοντο</em></strong></span> <span class='ocrx_word' id='word_1_192' title='bbox 228 3248 290 3339; x_wconf 79' lang='grc' dir='ltr'><strong><em>τὴν</em></strong></span> <span class='ocrx_word' id='word_1_193' title='bbox 304 3247 418 3342; x_wconf 87' lang='grc' dir='ltr'><strong><em>πόλιν,</em></strong></span> <span class='ocrx_word' id='word_1_194' title='bbox 443 3247 666 3338; x_wconf 79' lang='grc' dir='ltr'><strong><em>κρατήσαντες</em></strong></span> <span class='ocrx_word' id='word_1_195' title='bbox 680 3241 795 3325; x_wconf 78' lang='grc' dir='ltr'><strong><em>αὐλοῖς</em></strong></span> <span class='ocrx_word' id='word_1_196' title='bbox 810 3243 868 3313; x_wconf 84' lang='grc' dir='ltr'><strong><em>καὶ</em></strong></span> <span class='ocrx_word' id='word_1_197' title='bbox 886 3243 1017 3330; x_wconf 88' lang='grc' dir='ltr'><strong><em>τυμπά-</em></strong></span> 
     </span>
    </p>

    <p class='ocr_par' dir='ltr' id='par_1_11' title="bbox 10 3343 614 3442">
     <span class='ocr_line' id='line_1_31' title="bbox 10 3343 614 3442; baseline -0.01 -19"><span class='ocrx_word' id='word_1_198' title='bbox 10 3363 33 3406; x_wconf 79' lang='lat'><strong><em>³⁰</em></strong></span> <span class='ocrx_word' id='word_1_199' title='bbox 57 3381 148 3438; x_wconf 93' lang='grc' dir='ltr'><strong><em>νοις,</em></strong></span> <span class='ocrx_word' id='word_1_200' title='bbox 163 3343 202 3441; x_wconf 76' lang='grc' dir='ltr'><strong><em>ἧς</em></strong></span> <span class='ocrx_word' id='word_1_201' title='bbox 215 3350 277 3422; x_wconf 79' lang='grc' dir='ltr'><strong><em>οὐκ</em></strong></span> <span class='ocrx_word' id='word_1_202' title='bbox 291 3351 477 3442; x_wconf 84' lang='grc' dir='ltr'><strong><em>ἐκράτησαν</em></strong></span> <span class='ocrx_word' id='word_1_203' title='bbox 489 3347 614 3428; x_wconf 84' lang='grc' dir='ltr'><strong><em>ὅπλοις.</em></strong></span> 
     </span>
    </p>
   </div>
   <div class='ocr_carea' id='block_1_5' title="bbox 52 3492 283 3506">
    <p class='ocr_par' dir='ltr' id='par_1_12' title="bbox 52 3492 283 3506">
     <span class='ocr_line' id='line_1_32' title="bbox 52 3492 283 3506; baseline -0.017 0"><span class='ocrx_word' id='word_1_204' title='bbox 52 3492 283 3506; x_wconf 50' lang='grc' dir='ltr'>μ</span> 
     </span>
    </p>
   </div>
   <div class='ocr_carea' id='block_1_6' title="bbox 125 3535 1020 3614">
    <p class='ocr_par' dir='ltr' id='par_1_13' title="bbox 125 3535 1020 3614">
     <span class='ocr_line' id='line_1_33' title="bbox 125 3535 1020 3614; baseline -0.007 -15"><span class='ocrx_word' id='word_1_205' title='bbox 125 3547 192 3613; x_wconf 79' lang='lat' dir='ltr'><strong>Cap.</strong></span> <span class='ocrx_word' id='word_1_206' title='bbox 213 3545 255 3599; x_wconf 78' lang='lat'>53.</span> <span class='ocrx_word' id='word_1_207' title='bbox 292 3548 315 3610; x_wconf 70' lang='lat'>5.</span> <span class='ocrx_word' id='word_1_208' title='bbox 329 3547 359 3597; x_wconf 75' lang='lat'><strong><em>2.</em></strong></span> <span class='ocrx_word' id='word_1_209' title='bbox 388 3535 438 3602; x_wconf 73' lang='grc' dir='ltr'><strong><em>’ολ</em></strong></span> <span class='ocrx_word' id='word_1_210' title='bbox 452 3545 539 3600; x_wconf 75' lang='lat' dir='ltr'><strong>Anon.</strong></span> <span class='ocrx_word' id='word_1_211' title='bbox 552 3561 596 3614; x_wconf 76' lang='lat' dir='ltr'><strong><em>ap.</em></strong></span> <span class='ocrx_word' id='word_1_212' title='bbox 611 3547 755 3602; x_wconf 80' lang='lat' dir='ltr'>Westerm.</span> <span class='ocrx_word' id='word_1_213' title='bbox 769 3542 903 3597; x_wconf 72' lang='grc' dir='ltr'><strong><em>Ρεεεδοι.</em></strong></span> <span class='ocrx_word' id='word_1_214' title='bbox 919 3559 945 3610; x_wconf 88' lang='lat' dir='ltr'><strong><em>p.</em></strong></span> <span class='ocrx_word' id='word_1_215' title='bbox 960 3543 1020 3601; x_wconf 81' lang='lat'>217,</span> 
     </span>
    </p>
   </div>
   <div class='ocr_carea' id='block_1_7' title="bbox 0 0 1164 3892">
    <p class='ocr_par' dir='ltr' id='par_1_14' title="bbox 0 0 1164 3892">
     <span class='ocr_line' id='line_1_34' title="bbox 0 0 1164 3892; baseline 0 1"><span class='ocrx_word' id='word_1_216' title='bbox 0 0 1164 3892; x_wconf 95' lang='lat' dir='ltr'><strong><em> </em></strong></span> 
     </span>
    </p>
   </div>
  </div>
 </body>
</html>
