2318 3892
451 185 638 262 αοωνοιι.
987 187 1026 248 37

137 355 353 447 Ἀρχίδαμος,
378 357 595 448 κρατούντων
619 353 809 446 Ἀρκάδων,
836 355 937 441 αύτὸς
962 357 1061 451 ἥδη4

12 489 17 525 ε
49 463 260 550 παρειμένος
273 455 340 530 ὑπὸ
359 460 566 550 τραύματος,
587 461 722 549 φθάσας
736 463 1027 551 ἐπεκηρυκεύσατο

12 608 17 630 ;
50 566 279 652 περὶνεκροόν
290 559 506 652 ἀναιρέσεως,
521 559 612 643 ὅπως
624 562 742 652 μηκαὶ
755 568 790 632 οί
797 567 907 636 λοιποί
920 591 1024 655 προσ-

12 678 22 733 ἐ
52 667 251 738 απόλοιντο.

139 766 336 856 Ἀρχίδαμος
347 765 480 856 νύκτωρ
486 763 566 847 τούς
579 766 781 856 στρατιώτας
793 758 876 857 ἦγεν
884 770 939 838 ἐπὶ
953 778 1023 840 Καη
1042 791 1058 840 5

56 869 163 960 ρύας·
179 866 258 948 ὁδὸς
270 860 314 957 ἦν
327 865 489 956 ἄνυδρος,
509 883 662 958 τραχεῖα,
685 868 811 961 πολλὴ,
825 872 884 940 καί
896 867 1022 960 ἠγανά-

11 1000 20 1043 f
58 999 171 1042 κτουν
187 976 221 1041 οί
238 975 435 1060 στρατιῶται
451 974 500 1066 τῷ
518 970 628 1066 πόνῳ·
648 984 878 1063 παρεμυθεῖτο
903 972 1026 1059 αύτούς

11 1108 18 1145 ι
49 1060 270 1162 Ἀρχίδαμος,
292 1069 338 1152 οἱς
360 1068 434 1145 οἷόν
453 1100 491 1142 τε
514 1064 574 1163 ἦν,
594 1073 653 1143 καί
665 1074 847 1165 παρεκάλει
865 1082 1026 1167 μηδαμῶς

11 1212 17 1249 r
59 1176 244 1247 ἐνδιδόναι.
270 1172 360 1246 Ἐπεὶ
374 1176 423 1265 δέ,
437 1173 537 1263 όὶφνω
553 1177 797 1264 προσπεσόντες
810 1179 866 1248 καί
880 1180 1025 1266 πολλούς
1072 1204 1075 1210 ’

11 1309 39 1347 ι
60 1283 133 1348 τῶν
145 1286 316 1368 πολεμίων
328 1278 543 1364 κτείναντες,
564 1281 691 1360 ἐξεῖλον
704 1279 742 1350 τὸ
755 1290 896 1372 χωρίον,
916 1287 951 1352 oc
962 1285 1024 1374 μέν

57 1384 375 1468 ἐδειπνοποιοῦντο,
397 1382 454 1453 ἐπὶ
475 1386 517 1472 τῇ
530 1388 608 1471 νίκη
621 1383 814 1470 γεγηθότες.
828 1381 1024 1475 Ἀρχίδαμος

58 1484 100 1557 δέ
119 1481 235 1573 ἤρετο,
257 1481 404 1573 ὁπηνίκα
424 1488 584 1554 δοκοῦσιν
603 1481 731 1554 ἁλῶναι
744 1483 806 1575 τὴν
819 1485 935 1569 πόλιν;
954 1499 1022 1559 Λε·

57 1587 193 1673 υόντων
205 1586 243 1657 δέ
256 1593 325 1656 τῶν
347 1587 430 1676 μέν,
451 1581 553 1674 ἡνίκα
580 1586 869 1677 προσεβόλλομεν,
890 1596 959 1660 τῶν
973 1592 1021 1679 δέ,

57 1685 161 1775 ἡνίκα
173 1688 380 1777 ἐτοξεύομεν·
390 1683 693 1776 “ούδαμο5ς,”.ἐφη
709 1687 819 1776 αύτός,
828 1686 935 1760 “ἆλλο“ι
948 1693 1023 1764 τότε

11 1822 42 1864 z
61 1788 117 1860 ὅτε
134 1790 196 1883 τὴν
218 1789 348 1880 πολλὴν
368 1791 425 1860 καὶ
444 1786 594 1880 ἄνυδρον
614 1787 697 1860 ὁδόν
715 1790 959 1882 ἐπορευόμεθα·
984 1796 1023 1867 τό

58 1893 125 1985 γὰρ
138 1891 325 1983 βούλεσθαι
339 1907 473 1982 πονεῖν,
487 1892 625 1964 πάντων
638 1909 776 1984 κρατεῖν
789 1894 976 1985 πέφυκεν.”

406 2073 448 2132 42.
465 2072 678 2132 ΓΤᾸΙΠΠΟΣ.

138 2200 328 2287 Γύλιππος,
341 2200 547 2289 βουλόμενος
560 2196 775 2290 αύτοκροίτωρ
789 2202 950 2288 γενέσθαι
965 2209 1023 2292 τῆς
1042 2222 1055 2273 1

60 2306 99 2372 ἐν
117 2303 353 2390 Συρακούσαις
371 2303 557 2392 δυνάμεως,
573 2300 775 2389 συναγαγών
788 2301 867 2384 τούς
880 2325 1021 2396 στρατη-

9 2434 40 2477 ιο
60 2403 143 2493 χούς
157 2410 225 2473 τῶν
238 2411 486 2493 Συρακουσίων
500 2403 606 2490 εἶπεν,
622 2399 666 2484 ύς
679 2401 741 2493 χρὴ
754 2403 860 2492 λόφον
875 2405 951 2476 τινα
964 2434 1022 2496 με·

59 2504 144 2588 ταξύ
158 2510 216 2592 τῆς
230 2503 357 2588 πόλεως
369 2507 426 2574 καί
438 2511 500 2575 τοῦ
512 2506 739 2593 στρατοπέδου
757 2510 827 2575 των
833 2503 1023 2596 Ἀθηναίων

60 2615 212 2697 τειχίσαι.
237 2614 313 2679 Τῶν
327 2608 364 2678 δὲ
377 2609 598 2692 πεισθέντων,
612 2604 746 2697 νύκτωρ
753 2604 859 2732 χύτδς
873 2615 1023 2700 ἐπεμψεν

60 2709 1025 2802 αύτόμολονόιγγελοῦντατοῖςπολεμίοιςταδεδογμένα.οί
1068 2768 1070 2772 -

60 2816 123 2903 μὲν
138 2812 179 2903 δὴ
194 2815 361 2903 μαθόντες
378 2810 475 2884 αὐτοὶ
488 2815 714 2901 προκατέσχον
731 2811 791 2884 τὸν
802 2813 928 2902 λόφον.
950 2817 1019 2887 Γύ-

18 2953 44 2990 ιι
64 2927 184 2998 λιππος
204 2919 241 2987 δὲ
255 2920 478 3006 ἐσχετλίαζεν,
500 2912 544 2997 ύς
558 2921 628 2985 των
643 2912 841 3008 ἀπορρήτων
864 2921 1020 3007 ἐξαγγελ-

62 3021 224 3108 λομένων.
248 3017 361 3101 Ὅπως
380 3011 443 3090 οὖν
463 3024 616 3099 εἰσαῦθις
635 3025 733 3089 τούτο
757 3018 802 3107 μὴ
821 3020 969 3109 γένοιτο,
988 3026 1023 3092 οί

60 3119 263 3210 προύχοντες
275 3128 344 3192 των
356 3127 605 3212 Συρακουσίων
619 3121 670 3190 ἑνὶ
682 3122 739 3190 καὶ
751 3120 844 3216 μόνη)
856 3131 1020 3218 Γυλίππῳ
1085 3186 1093 3194 .

60 3230 122 3294 τοῦ
135 3226 283 3313 πολέμου
296 3223 358 3314 τὴν
369 3221 476 3314 ἀρχὴν
490 3226 686 3314 ἐπέτρεψαν.
851 3234 856 3241 ’

136 3327 320 3413 Γύλιππος,
334 3325 713 3416 τδνπροκατεσχημένον
724 3320 905 3411 λόφονύπδ
916 3324 1017 3415 Ἀθη-
1037 3343 1053 3394 2

20 3463 44 3503 30
62 3436 170 3500 ναίων
180 3426 281 3510 αὐτὸς
294 3429 699 3518 βουλόμενοςκατασχελν,
714 3423 779 3496 όιπὸ
792 3433 860 3497 τῶν
873 3426 1019 3517 τριήρων

61 3538 197 3605 πολλῶν
211 3529 323 3604 οὐσῶν
338 3523 442 3604 είκοσι
455 3531 649 3623 πληρώσας,
668 3527 797 3612 πυκνὰς
810 3527 866 3612 τοὶς
881 3535 1019 3619 μελέτας
