2318 3892
69 207 107 267 12
457 206 644 266 ΒΙΒΛΙΟΝ

67 379 135 459 τύς.
184 375 227 449 Τὸ
241 368 364 465 Χλόγιον
384 373 523 466 ἤλεγξεν
543 379 581 447 έν
600 374 822 467 Λεύκτροιςὴ
843 376 948 468 μάχη.
982 373 1025 447 ’δν

68 481 133 569 γὰρ
148 478 189 570 δη
202 480 402 569 Λεύκτροις,
422 478 579 569 αὐλητῶν
599 478 659 568 οὐχ
674 477 906 569 ἡγουμένων,
920 479 1024 552 5115-

69 611 175 710 ηωνες
209 582 435 673 παρετάξαντο
470 581 553 673 πρὸς
587 590 699 671 Θηβαί
697 610 825 669 ους,ο
807 579 860 664 οἷς
895 583 1028 674 πάτριον

68 684 185 757 ἀσκεῖν
200 683 399 775 αὐλητικὴν,
415 683 499 754 ῶστε
515 692 614 774 δῆλος
632 678 676 775 ἦν
687 681 712 754 5
727 684 808 766 θεὸς
822 687 1064 787 προαγορεύ-

70 810 145 876 σας,
165 785 216 858 ὅτι
236 788 415 878 νικήσουσί
431 815 511 859 ποτε
527 798 669 879 Θηβαῖοι
688 786 854 870 Λάκωνας
873 787 1067 886 αύληῐ
990 789 1027 881 μὴ

69 894 388 982 στρατηγουμένους.

441 1069 476 1124 ll.
488 1071 655 1129 ΔΚΟΤΗΣ.

142 1195 297 1284 Ἀκούης,
319 1200 598 1283 Λακεδαιμονίων
620 1199 745 1285 Τεγέαν
776 1200 951 1291 προδοσίᾳ
976 1196 1030 1269 νύ-

72 1328 163 1390 κτωρ
179 1300 471 1387 καταλαβομένων,
480 1314 548 1378 τοίς
557 1305 655 1378 ἰδίοις
668 1296 819 1379 ὁπλίταις
833 1305 948 1371 ἔδωκε
955 1301 1029 1371 σύν-

70 1416 184 1492 θημα,
198 1408 345 1472 κτείνειν
357 1400 441 1481 τοὺς,
451 1399 488 1469 τὸ
506 1402 665 1489 σύνθημα
678 1406 885 1490 ἐρωτῶντας.
918 1408 966 1474 Οἰ
977 1403 1029 1493 μὲν

71 1505 113 1595 δὴ
126 1503 281 1592 Ἀρκάδες
296 1501 358 1573 ούκ
372 1504 570 1592 έπηρῶτων
591 1509 626 1573 ολ
638 1504 674 1574 δέ
690 1509 924 1594 Σπαρτιᾶται,
941 1503 1029 1588 ῶςιὲν

69 1605 213 1677 νυκτί’
196 1612 413 1694 αγνοούντες,
440 1610 497 1675 καί
525 1604 581 1676 δια
606 1611 706 1677 τούτο
731 1605 993 1707 ἐρωτῶντες,
973 1606 1029 1679 υπὸ

69 1717 138 1781 τῶν
147 1707 349 1801 Ἀρκύδων’
332 1715 530 1825 ανηροῶντο.

414 1888 451 1943 12.
469 1890 677 1942 ΘΕΣΣΑΛΟΣ.

147 2013 316 2095 Θεσσαλὸς
330 2019 503 2099 Βοιωτῶν,
518 2018 586 2082 τῶν
602 2011 730 2105 ’Ἀρνηυ
745 2014 936 2086 οἰκούντων
951 2024 1028 2086 Θεσ·

70 2126 184 2199 σαλοῑς
205 2118 460 2207 πολεμούντων,
483 2117 581 2204 τέχνη
602 2116 785 2206 ἐκράτησεν
816 2114 904 2188 ἄνευ
918 2118 1028 2208 μύχης.

70 2221 189 2291 Νύκτα
216 2219 457 2310 παραφυλάξας
482 2216 646 2307 ιἰσέληνον
666 2223 722 2290 καί
737 2218 933 2311 σκοτεινὴν,
964 2222 1027 2291 ἐκέ-

70 2335 170 2393 λευσε
191 2321 268 2403 τούς
286 2318 488 2411 στρατιῶτας
508 2325 752 2411 διασπαρέντας
771 2320 836 2393 ιἰνίι
855 2321 895 2393 τὸ
914 2331 1030 2395 πεδίον

70 2425 173 2497 ἄλλον
194 2423 339 2513 ύλλαχοῦ
361 2423 443 2492 κατὰ
464 2421 521 2503 τοίς
541 2424 691 2515 κορυφὰς
711 2431 780 2495 τῶν
800 2421 911 2516 ὀρέων
928 2432 1029 2520 δᾷδας

71 2531 126 2600 καὶ
140 2527 344 2616 λυχνούχους
358 2525 520 2597 ύνύπτειν
534 2530 590 2597 καὶ
604 2535 831 2619 μετεωρίζειν,
853 2531 912 2598 καὶ
929 2531 1050 2601 πύλιντ

71 2624 115 2700 αὖ
143 2642 334 2717 καθαιρεῖν.
386 2635 432 2699 Οἰ
454 2633 594 2701 Βοιωτοί
625 2630 687 2720 την
720 2628 800 2713 ὄψιν
825 2635 887 2700 τού
914 2631 1028 2723 πυρὸς,

72 2731 183 2821 ῶσπερ
210 2730 381 2821 ἀστραπὰς
407 2734 655 2822 κυκλουμένας,
684 2732 813 2814 ἰδόντες
839 2735 1028 2819 ἐδεδίξαντο

70 2838 126 2906 καὶ
142 2833 224 2925 πρὸς
242 2840 372 2906 ἰκεσίαν
385 2841 454 2906 τῶν
468 2841 650 2906 Θεσσαλῶν
664 2836 856 2926 ἐτράποντο.

414 3016 453 3074 13.
470 3016 683 3074 ΜΕΝΕΛΑΟΣ.

146 3145 320 3222 Μενέλαος
343 3139 491 3213 έπανιῶν
511 3139 569 3212 ἀπ’
598 3141 792 3230 Αἰγύπτου,
818 3139 1055 3233 τὴνῈλέυηνο

70 3244 163 3333 ύγων
180 3243 281 3339 Ῥόδην
294 3248 466 3332 προσέσχε.
499 3248 714 3334 Τληπολέμου
735 3246 834 3315 δέέν
852 3254 957 3340 Τροίη
976 3272 1028 3317 τε·

70 3348 235 3437 θνηκότος
249 3347 334 3436 γυνη
344 3346 495 3433 Πολυξῶ,
511 3348 820 3437 πενθούσα,έπειδύ
832 3376 883 3431 τις
896 3346 1031 3437 ἤγγειλε

71 3457 256 3522 Μενέλεων
282 3450 364 3538 μετίι
390 3457 448 3538 τῆς
470 3448 601 3538 Ἑλένης
628 3448 739 3540 ἥκειν,
773 3456 962 3540 τιμωρῆσαι
987 3454 1032 3545 τῷ

70 3551 170 3644 ἀνδρί
191 3556 380 3643 βουλομένη
400 3553 484 3643 μετὰ
498 3550 633 3624 Ῥοδίων
652 3551 812 3625 ἁπάντων
823 3550 964 3645 ἀνδρῶν
977 3555 1048 3641 καὶ,
