2318 3892
377 209 608 274 AEYTEPON.
933 215 973 276 59

39 389 55 455 *l
67 385 123 470 δὲ,
146 379 190 463 άς
202 387 272 452 τάν
287 389 458 471 πολεμίων
476 387 764 473 ἐπιφαινομένων,
787 377 874 475 ἦσαν
888 389 972 457 ἕτοι-

39 515 65 557 ιι
82 485 166 611 πρὸς
178 486 299 575 μάχην.
330 481 385 554 Ἐν
404 484 583 579 τούτῳκαὶ
602 491 778 579 ολΘρήικες
803 489 972 577 ἐπεφάνη·
1069 530 1071 534 »

39 619 93 677 ιν,
113 618 157 670 ως
170 587 401 668 καθευδοντας
414 587 708 677 αέρησοντες
642 594 677 660 οἰ
688 591 726 660 δέ
732 591 974 681 ,ἐγρηγορότες

39 696 64 763 ιδ
88 689 319 820 ιδπλισμένοι,
331 689 504 778 δεξάμενοι
522 691 600 773 τούς
620 692 864 817 ἐπιδραμόντας
877 701 971 763 πλεί-

39 822 112 875 ους
126 792 239 864 αὐτῶν
252 790 463 863 άπέκτειναν

91 896 276 984 Κλέαρχος,
308 886 530 977 ἀποστάντων
557 901 752 978 Βυζαντίων
793 896 1007 984 ζημιωθεδςῚ

39 997 81 1069 τὸ
92 1026 160 1068 των
173 998 347 1088 ἐφόρων,έ
348 1027 364 1079 ς
377 996 564 1086 Λάμψακον
573 999 776 1069 κατέπλευσε
790 1004 874 1078 ναῦς
887 1004 973 1086 έχων

39 1105 188 1192 σσαρας,
213 1103 270 1170 καλ
285 1103 452 1191 διέτριβεν
474 1104 640 1187 ἐνταῦθα,
662 1102 807 1191 μεθύειν
827 1102 883 1171 καὶ
904 1105 971 1170 κω·

39 1205 125 1288 ἕξειν
150 1203 445 1292 προσποιούμενος.
481 1201 756 1293 Ἐπολιορκούντο
785 1199 853 1274 ύπδ
880 1211 971 1294 Θρηι-

39 1312 81 1379 ῖν
105 1305 298 1389 Βυζάντιοι·
330 1309 387 1376 καλ
414 1304 455 1395 δή
487 1312 641 1396 ἔπεμψαν
666 1305 744 1387 τούς
768 1303 974 1397 στρατηγούς

39 1410 236 1499 ἠσομένους
263 1415 321 1497 τής
353 1406 420 1478 ὑπὸ
439 1409 616 1500 Κλεάρχου
648 1414 822 1498 βοηθείας.»
854 1405 890 1477 ‘0
923 1407 972 1494 δὲ,

39 1541 50 1594 3
82 1509 258 1592 ἀδυνάτως
286 1519 372 1600 ἔχων
398 1509 455 1582 διά
484 1510 547 1637 τήν
571 1517 794 1600 οἰνοφλυγίαν
820 1514 973 1599 ἐντυχεῖν

39 1614 140 1701 ιτοϊς,
166 1610 272 1740 ήμέρφ
292 1621 386 1738 τρίτη
408 1615 614 1704 προσήκατο,
635 1615 692 1684 καὶ
713 1616 958 1703 δεηθένταςέ
923 1640 971 1681 ο-

39 1733 139 1807 εἴραι
151 1717 292 1823 φάσκων
305 1713 466 1803 υπέσχετο
480 1715 717 1805 συμμαχήσειν.
738 1714 925 1804 Πληράσας
935 1715 972 1784 δέ

39 1818 52 1940 ή
66 1825 158 1901 ναῦς
177 1815 238 1890 δύο
259 1816 341 1908 πρὸς
357 1833 429 1899 ταῖς
441 1819 593 1916 τέτταρσι
614 1820 840 1890 κατέπλευσεν
855 1820 896 1897 ἐς
909 1825 974 1886 Βυ-

39 1923 160 2009 ἷντιον,
197 1923 254 1992 καὶ
286 1919 490 2009 συναγαγών
515 1925 696 2010 ἐκκλησίαν
724 1919 973 2009 συνεβούλευσε

39 2026 137 2105 άντας
155 2022 234 2105 τούς
253 2025 373 2104 ἱππέας
394 2026 450 2094 καὶ
471 2022 549 2107 τοὺς
571 2021 709 2105 ὁπλίτας
728 2027 885 2113 ἐπιβῆναι
905 2049 973 2092 των

39 2133 116 2213 τῶν,
148 2123 192 2208 ύς
212 2129 478 2217 ἐπιβησομένους
495 2124 640 2199 ὄπισθεν
663 2141 732 2208 τοϊς
751 2127 870 2219 Θρᾳξὶ,
894 2123 974 2204 τοδς

39 2251 46 2301 ε
76 2229 284 2319 κυβερνήτας
310 2227 517 2317 ἀναχθέντας
537 2227 592 2299 ἐπ”
618 2226 778 2318 ἄγκυράν
805 2226 973 2313 σαλεύειν,

39 2328 83 2400 στ’
103 2326 145 2399 άν
166 2337 285 2401 λ’δωσιν
305 2331 486 2419 αἰρόμενον
504 2327 561 2400 ὑπ’
578 2327 683 2400 αύτού
701 2329 740 2401 τδ
758 2345 896 2420 σημεῖον
916 2335 973 2417 τής
998 2348 1002 2355 ·

39 2432 127 2518 άχης.
166 2429 265 2500 Ούτω
294 2431 337 2520 δή
356 2433 493 2502 πάντων
516 2428 775 2520 άναχθὲντωνδ
802 2432 974 2517 Κλέαρχος

39 2538 118 2621 ιψήν
137 2538 203 2621 ἐφη
222 2531 304 2623 πρὸς
318 2531 397 2614 τούς
410 2533 633 2623 στρατηγούς,
653 2535 708 2603 καὶ
729 2540 873 2623 πλησίον
887 2535 974 2602 ἰδοδν

39 2645 214 2724 ιπηλεϊον,
229 2631 301 2726 μετ’
317 2633 431 2705 αὐτοῖν
446 2635 626 2723 εἰσελθών,
641 2633 971 2732 φυλακήνκαταστή-
1001 2697 1003 2701 ⁴

39 2769 86 2824 ις,
111 2744 213 2808 ἔνδον
237 2736 436 2809 άπέκτεινεν
454 2735 679 2833 διφοτέρους·
698 2739 755 2809 καλ
774 2744 973 2828 συγκλείσας

39 2843 48 2912 ⁸)
75 2850 258 2930 καπηλεῖον
292 2842 349 2913 καὶ
377 2841 563 2933 προστάξας
588 2846 635 2937 τῷ
664 2842 805 2936 καπήλῳ
828 2846 971 2924 σιωπᾶν,

39 2950 81 3013 ιῑν
97 2949 292 3034 στρατηγῶν
310 2941 549 3034 άνηρημένων,
570 2941 803 3025 τάν,ὁπλιτύν
826 2941 971 3032 άνηγμέ-

39 3075 97 3133 ων,
120 3044 219 3127 αὐτὸς
236 3045 315 3127 τούς
334 3043 439 3116 αὑτοῦ
455 3046 658 3137 στρατιώτας
672 3045 728 3117 διδι
747 3045 867 3133 τάχους
880 3051 970 3115 εἰσα-

39 3148 126 3236 ιγων
140 3150 275 3238 κατέσχε
289 3147 327 3218 τὸ
340 3147 534 3233 Βυζάντιον.

88 3252 257 3340 Κλέαρχος
288 3253 458 3342 ἐλεηλάτει
484 3250 546 3342 τήν
574 3248 713 3343 Θράκην
742 3249 800 3319 καὶ
826 3245 1006 3330 πολλούςθ

39 3380 139 3424 ιτεινε
168 3358 328 3444 Θρᾳκῶν·
350 3360 384 3425 ολ
402 3355 440 3425 δέ
459 3357 616 3442 πρέσβεις
637 3359 791 3442 ἔπεμψαν
810 3353 971 3441 δεησομέ-

39 3485 92 3538 ιυς
113 3456 338 3526 διαλύσασθαι
362 3454 422 3533 τὸν
440 3456 598 3547 πόλεμον.
620 3451 657 3525 ‘0
670 3455 726 3542 δὲ,
747 3452 810 3544 τήν
833 3453 972 3544 εἰρήνην

39 3557 181 3649 τιζήμιον
192 3554 380 3650 ἡγούμενος
385 3609 396 3647 ,
419 3560 596 3632 ἐκέλευσεν
613 3560 653 3629 ἐκ
671 3562 742 3628 τῶν
756 3560 902 3651 (δρακεῖν
913 3583 969 3626 νε-
