2318 3892
152 203 193 264 60
539 202 724 267 ΒΙΒΛΙΟΝ
1108 39 1122 275 δ

152 379 244 463 κρών
259 372 393 461 σώματα
414 371 476 444 δύο
489 366 511 463 ή
525 379 600 463 τρία
614 374 830 465 διατεμόντας
845 373 930 458 τούς
943 373 1106 461 όψοαοωδς
1146 374 1149 397 “

152 475 396 566 ύνακρεμύσαι·
422 482 453 547 εἰ
472 477 510 549 δὲ
536 482 570 547 οἰ
589 483 719 569 Θρᾷκες
744 477 876 560 ἰδόντες
903 478 1106 570 ἔροιντοτήτ

152 585 281 663 αἰτίαν,
302 581 481 667 προσέταξε
502 583 630 667 λέγειν,
642 577 825 676 “meam
846 586 998 653 δείπνου
1018 610 1106 673 παρα·

153 678 377 765 σκευώζεται.”
407 688 520 752 Ταῦτα
531 688 565 752 οἰ
571 687 731 774 πρέσβεις
745 690 813 755 τών
826 690 984 777 Θρᾳκών
997 685 1106 767 ἰδόντε

152 781 370 874 φρίξαντες’
353 784 588 873 ανεχώρήσαν,
609 788 717 876 μηδὲν
736 787 812 878 περὶ
832 794 905 858 τών
931 788 1119 861 διαλύσεται
1136 782 1146 821 ⁵

155 894 262 958 εἰπείν
277 893 325 956 ἔτι
340 888 602 976 τολμήσαντες.
950 940 957 949 -

119 999 136 1054 9
229 992 417 1078 Κλέαρχος,
437 986 575 1071 ὁπλίτας
599 995 685 1076 ἔχων
711 993 748 1059 ἐν
767 994 847 1061 πεδί
833 1000 896 1084 ίφ,
920 994 1106 1083 προσκτιρί

131 1149 133 1152 v
152 1120 223 1162 νων
238 1097 434 1179 πολεμίωνί
434 1095 550 1162 παίων
563 1094 618 1162 καί
634 1091 951 1182 ἱπποκρατούντων,
967 1098 1108 1181 συνίταξι

152 1222 190 1262 το
178 1191 459 1281 στρατόπεδου’
444 1192 531 1264 οκτώ
545 1223 582 1265 το
570 1194 719 1284 βάθος,
740 1196 797 1265 καί
810 1196 1056 1287 κατίστήσεν’
1036 1226 1141 1323 αρν».Μ

154 1299 306 1384 οτέρονς,
331 1290 352 1384 ή
372 1295 456 1365 κατὰ
473 1303 581 1386 σχήμα
595 1288 770 1385 πλινθίου,
789 1299 846 1368 καί
860 1282 1141 1391 παρήγγειλτιΓθ

153 1401 374 1486 ἐγχειρίδιον
387 1402 554 1480 καθέντας
580 1396 647 1471 ύπδ
678 1397 741 1490 τήν
767 1396 851 1471 ἆσπί
836 1406 893 1470 ίδα
923 1402 1149 1491 βαθύτατον

153 1499 267 1591 ὀρύξαι
288 1501 429 1590 βόθρον.
471 1507 515 1572 Ol
531 1503 593 1592 μὲν
620 1500 768 1592 ώρυξαν·
792 1499 870 1573 όδίε
888 1532 976 1588 τους
989 1499 1149 1587 οκλίττς

153 1603 365 1693 ἐπανήγαγεν
386 1610 423 1674 ἐκ
442 1611 511 1674 τών
533 1603 736 1695 ὀρυγμάτων
755 1606 789 1686 ἐς
807 1604 845 1675 τὸ
858 1606 982 1699 πρόσω
996 1615 1108 1683 τούαε

153 1713 241 1776 δίον.
273 1714 348 1777 Τών
363 1708 400 1777 δὲ
414 1715 586 1797 πολεμίων,
596 1709 725 1779 ίππέων
739 1706 1016 1798 ἰμπεσόντων,’
992 1740 1108 1803 αναγα·

153 1823 227 1895 ρεῑν
246 1812 301 1879 ἐπὶ
321 1810 408 1881 πόδα
427 1811 653 1900 παρήγγειλεν
671 1815 734 1893 ἕως
753 1817 822 1882 τών
847 1807 1072 1905 ὀρυγμάτων·
1087 1816 1110 1887 αἰ

154 1913 192 1982 δὲ
223 1912 390 2000 πολέμιοι,
424 1915 531 2002 μηδὲν
566 1914 772 2004 προειδότες,
807 1913 1149 2007 ἐπελαύνοντεςτή

153 2021 245 2107 ίππφ
267 2019 440 2103 σφοδρῶς,
455 2016 652 2103 ἐμπεσόντες
665 2032 734 2098 τοῖς
748 2014 956 2107 ὀρύγμασιν,
980 2028 1109 2093 ἔπιπτον

154 2113 208 2187 ἐπ’
230 2113 412 2207 ἀλλήλους·
439 2123 475 2187 οἰ
490 2119 727 2210 Κλεοίρχιοι“.δδ
742 2115 893 2213 ύνήρουν
904 2120 988 2204 τούς
1003 2126 1149 2201 [niet

154 2221 255 2308 χαμαὶ
269 2220 453 2307 κειμένους.

103 2334 137 2386 10
230 2323 400 2416 Κλέαρχος
426 2314 469 2411 ήν
500 2323 538 2392 ἰν
566 2322 700 2415 Θρήκφ·
726 2324 921 2413 νυκτερινοὶ
952 2320 1061 2415 φόβοι
1080 2321 1108 2395 τό

152 2422 343 2514 στράτευμα
356 2425 620 2513 κατελάμβανον.
644 2422 680 2494 ‘0
698 2425 997 2515 δὲ’παρήγγειλεν,
1019 2428 1098 2500 εἰ
1064 2446 1134 2517 γι·

152 2554 245 2597 νοιτο
271 2528 405 2616 νύκτωρ
432 2528 595 2617 θόρυβος,
620 2531 748 2618 μηδένα
768 2524 876 2618 ὀρθόν
894 2525 1108 2605 ἀνίστασθαι

154 2626 371 2711 ὁδὲύναστίις
385 2626 818 2720 ώςπολέμιοςύναιρείσθω.
845 2630 1110 2723 Τὸπαρύγγελμα

153 2737 251 2800 τούτο
279 2734 411 2813 ἐδίδαξε
432 2731 510 2813 τούς
535 2734 737 2820 στρατιώτας
767 2740 1027 2825 καταφρονῆσαι
1058 2738 1110 2807 τού

152 2839 356 2922 νυκτερινοῦ
367 2832 494 2923 φόβου,
519 2836 575 2905 καί
588 2832 695 2917 ούτως
709 2836 898 2909 ἐπαύσαντο
911 2834 1107 2930 ἀναπηδῶν·

152 2962 207 3018 τες
219 2938 276 3007 καί
288 2936 535 3028 ταραττόμεγοι.

472 3119 496 3173 3.
517 3119 799 3174 ΕΠΑΜΙΝΩΝΔΑΣ.

121 3261 135 3311 1
225 3239 480 3332 Ἐπαμινώνδου
497 3250 555 3334 τής
580 3243 739 3331 γυναικὸς
762 3241 896 3333 ήρύσθη
918 3244 1113 3333 Φοιβιύδας,

154 3351 316 3435 φρουρῶν
334 3346 397 3435 τήν
414 3353 606 3436 Καδμείαν·
633 3343 655 3436 ή
678 3347 716 3418 δὲ
736 3352 783 3441 τῷ
797 3344 896 3436 ἀνδρὶ
917 3344 981 3437 τήν
993 3362 1113 3436 πεῖραν
1145 3312 1149 3395 δ

155 3448 332 3540 ἐμήνυσεν.
356 3447 607 3540 Ἐπαμινώνδας
629 3453 829 3539 προσέταξεν
850 3446 936 3541 αὐτή
958 3448 1020 3523 τὸν
1034 3460 1143 3525 Qut-w

155 3554 278 3643 βτύδην
300 3561 415 3643 φιλεῖν
436 3550 687 3644 ὑποκρίνασθαι
706 3554 763 3625 καί
784 3551 892 3625 νύκτα
912 3556 1116 3638 συνθέσθαι,
