2318 3892
39 268 46 279 N
101 182 163 244 246
491 182 675 244 ΒΙΒΛΙΟΝ

102 352 211 442 θύρας
232 362 432 441 κατασχίσας
453 351 588 444 νύκτωρ
612 349 712 434 αύτδς
734 353 791 424 καί
810 359 924 423 λίθων
943 351 1064 443 πλήσας

103 455 166 546 τήν
191 453 310 543 τύρσιν
338 458 443 538 ἔδειξε
469 453 552 544 μεθ’
588 451 716 546 ἡμέραν
741 468 810 536 τοίς
836 454 992 545 Μήδοις,
1026 452 1064 536 ῶς

105 564 208 628 ταῦτα
222 554 268 627 δι’
284 554 407 637 αύτούς
421 556 544 628 παθῶν
557 560 614 627 καί
627 557 852 644 κινδυνεύσας
865 555 1064 644 άποθανείν,

103 657 154 732 ὅτι
180 656 293 741 αύτοίς
320 660 455 743 δικάζοι.
509 658 555 730 Τδ
589 664 719 750 πλῆθος
748 655 990 750 ἠγανάκτησαν
1015 662 1064 729 καί

103 759 291 851 άσφάλειαν
304 758 396 854 αύτῶ
409 767 470 831 τού
484 762 634 851 σῶματος
649 766 921 850 ἐπεψηφίσαντο,
942 770 1083 853 χωρίονε

104 866 165 955 μὲν
187 868 331 935 ἐνοικεῖν
351 861 563 953 ὀχυρῶτατον
582 863 645 955 τήν
667 868 705 934 ἐν
714 861 931 953 Ἐκβατάνοις
949 864 1063 955 ἄκραν,

67 1046 73 1055 ⁸
105 969 258 1056 φύλακας
276 966 314 1036 δὲ
334 973 395 1037 τοῦ
407 965 578 1055 σώματος,
598 962 659 1048 ούς
679 962 779 1048 αύτδς
796 971 943 1056 αἰροίτο·
969 995 1063 1058 χορη-

104 1078 183 1157 γίαν
198 1069 235 1139 δέ
249 1073 387 1158 τροφῶν
400 1069 587 1153 συνέταξαν
599 1067 664 1140 άπὸ
677 1074 747 1139 τῶν
763 1073 864 1159 ἱερῶν
877 1070 1064 1160 χρημάτων.

98 1169 135 1241 ‘0
164 1171 220 1258 δὲ,
247 1170 373 1260 ταύτην
401 1171 664 1263 περιβαλόμενος
689 1169 753 1262 τήν
777 1176 995 1261 δορυφορίαν
1015 1174 1066 1244 καί

103 1280 259 1354 πλείονας
273 1269 326 1343 άεί
340 1274 629 1365 προσλαμβάνων,
642 1271 718 1345 άυτλ
731 1278 894 1347 διτωιστοῶ
908 1271 1065 1364 βασιλεύς
1077 1295 1094 1335 ¹⁰

102 1378 244 1463 ἐγένετο.

455 1553 482 1611 2.
495 1555 710 1610 ΑΛΤΑΤΤΗΣ.

68 1705 82 1755 1
172 1677 368 1769 Ἀλυάττης,
389 1686 587 1772 Κιμμερίων
605 1678 941 1771 ἐπιστρατευσάντων
969 1679 1065 1753 άλλό-

101 1810 182 1853 κοτα
203 1785 261 1855 καί
277 1781 433 1872 θηριῶδη
453 1782 589 1872 σῶματα
604 1782 768 1870 ἐχόντων,
789 1781 872 1872 μετά
889 1788 953 1874 τῆς
964 1782 1065 1874 ἄλλης

102 1885 277 1974 δυνάμεως
291 1886 347 1954 καί
362 1882 440 1964 τούς
453 1881 702 1975 ἀλκιμωτάτους
721 1884 827 1967 κύνας
845 1887 900 1957 ἐπὶ
922 1885 990 1976 τήν
1001 1886 1093 1977 μάν

101 2015 165 2076 χην
189 1987 370 2097 ἐξήγαγεν,
390 1993 424 2055 οἳ
443 1987 713 2076 προσπλακέντες
732 2001 801 2068 τοϊς
816 1988 1003 2079 βαρβάροις
1022 1985 1064 2069 ῶς
1100 2066 1102 2085 Ι

100 2095 251 2177 θηρίοις,
279 2085 422 2168 πολλούς
447 2088 511 2176 μὲν
535 2085 649 2159 αὐτῶν
675 2091 894 2182 διέφθειραν,
918 2090 1002 2175 τούς
1028 2091 1063 2163 δέ
1100 2106 1102 2157 i

101 2189 239 2270 λοιπούς
251 2189 392 2280 φεύγειν
402 2195 545 2282 αίσχρῶς
557 2191 745 2280 ἐβιάσαντο.

66 2315 83 2366 ν
145 2290 368 2381 ··Ἀλυάττης,
387 2301 629 2382 Κολοφωνίους
648 2291 779 2384 πολλήν
802 2292 953 2384 δύναμιν
971 2298 1061 2365 ίππι-

101 2394 165 2484 τήν
192 2402 327 2484 ἔχοντας
355 2392 544 2483 ἀφελέσθαι
577 2395 784 2484 βουλόμενος
815 2394 894 2477 τούς
925 2401 1087 2484 ἳππους,ιι

101 2505 292 2588 συμμάχίαν
311 2495 393 2586 πρὸς
416 2494 539 2579 αύτούς
559 2500 737 2587 ἐποιήσατο
766 2499 824 2567 καί
850 2496 909 2579 τάς
936 2502 1061 2570 ἐκτῶν

100 2606 284 2687 στρατειῶν
303 2597 468 2688 ὠφελείας
481 2598 533 2671 άεί
554 2607 706 2689 μείζονας
719 2607 817 2688 ἔνεμε
829 2615 900 2682 τοῖς
912 2606 1060 2673 ἱππεύοι.
1100 2674 1102 2679 ,

104 2704 204 2781 Τέλος
232 2703 270 2771 δὲ
291 2698 309 2770 ὁ
332 2701 394 2789 μέν
415 2707 452 2772 ἐν
472 2702 645 2793 Σάρδεσιν
664 2694 722 2791 ήν,
751 2700 908 2792 λαμπράν
934 2700 1062 2794 άμοράν

99 2799 212 2883 αύτοίς
240 2804 502 2894 παρασκευάζων
528 2806 585 2874 καί
612 2811 736 2893 διπλῆν
756 2801 820 2892 τήν
845 2803 1061 2895 μισθοφοράν

100 2905 296 2995 ἕτοιμάζων·
320 2908 354 2974 οί
372 2905 411 2975 δὲ
432 2911 543 2987 ίππεΐς
565 2908 628 2989 ἐξω
647 2912 706 2996 τής
725 2906 853 2987 πόλεως
868 2905 907 2977 τδ
920 2908 1088 2996 στρατιά-ι

99 3014 205 3078 πεδον
218 3014 366 3097 ἔχοντες,
387 3023 456 3089 τοῖς
476 3007 671 3098 ἱπποκόμοις
684 3008 893 3096 παραδόντες
910 3008 992 3091 τούς
1004 3015 1059 3081 ἴπ-

99 3135 183 3190 πους
198 3121 277 3181 είσω
291 3115 413 3198 τειχῶν
426 3117 620 3201 παρῆλθον,
641 3113 697 3182 ἐπὶ
715 3110 778 3201 τήν
799 3117 925 3201 διπλῆν
938 3124 1060 3202 μισθο-

98 3210 209 3300 φοράν
228 3219 361 3302 σπουδή
379 3215 528 3294 θέοντες.
563 3212 743 3302 Ἀλυάττης
756 3212 797 3284 τά
809 3221 901 3304 τείχη
913 3222 1060 3300 κλείσας,

95 3312 173 3394 τούς
190 3319 299 3396 ίδίους
320 3312 458 3398 ὁπλίτας
478 3316 678 3406 περιστήσας
697 3314 872 3388 άπέκτεινι
895 3316 977 3398 τούς
1006 3322 1059 3389 ίπ-

97 3432 170 3497 πείς
196 3412 362 3504 ἅπαντας,
388 3422 444 3490 καί
465 3417 542 3500 τούς
568 3425 693 3500 ἵππους
719 3417 835 3490 αύτῶν
860 3436 932 3501 τοῖς
957 3426 1091 3501 ίδίοιςει

95 3513 247 3600 ὁπλίταις
260 3526 397 3591 ἔδωκεν.
