2318 3892
102 158 165 220 212
493 158 681 219 ΒΙΒΛΙΟΝ

103 359 173 422 μιοι
187 331 225 399 δδ
239 326 360 418 ὁμοίως
374 326 622 419 ἀπηλλάγησαν.
657 331 770 401 Πάλιν
783 326 801 400 δ
818 333 974 420 Μέμνων
986 359 1055 422 προ-
1081 356 1083 411 ε

105 432 235 519 ελθων,
263 432 341 513 τούς
370 441 549 521 πολεμίους
571 431 661 521 ὁρῶν
675 432 1058 524 ἀντιπαρατάσσομένους

104 535 313 626 ἀνεχώρησε,
337 539 393 659 κηδ
419 543 454 606 οἱ
472 539 623 624 πολέμιοι
644 534 853 663 ἀνεηάρουν.
886 540 957 607 Καὶ
971 545 1059 607 τοῦτο

104 639 261 720 πολλάκις
275 644 333 765 τής
352 636 486 764 ἡμέρας.
520 643 620 720 Τέλος
634 637 728 726 δέ,
712 640 812 709 οπότε
827 667 910 733 φετο
925 643 1059 711 έκδεδυ

102 743 200 822 κότοις
214 739 337 824 αὐτοὺς
346 741 385 811 τά
399 740 485 813 ὅπλα
499 746 575 829 περὶ
591 739 822 868 ἀριστοποιλαν
836 741 1083 871 ἀσχολεῖσθαι,λ

103 845 205 915 πάλιν
232 846 401 935 ἐπεφάνη
434 851 502 915 τῶν
534 846 572 915 δε
592 845 633 913 οὐ
654 838 863 935 φθασάντων
880 845 1083 938 ἀριστῆσαι,

103 954 238 1017 πολλῶν
259 977 322 1036 μεν
342 955 501 1073 γυμνῶν,
521 976 564 1018 πο
587 955 656 1018 λῶν
679 946 758 1018 δδ”
737 977 811 1036 αρτι
826 947 867 1018 τά
882 947 971 1020 ὅπλα
986 960 1061 1038 λαμ-

102 1051 297 1138 βανόντων,
312 1053 450 1120 πάντων
464 1049 537 1120 δὲ’
519 1079 672 1121 ατακτων
684 1050 813 1138 ὄντων,
828 1050 984 1123 συνιδοδν
999 1060 1062 1123 διε-

102 1155 298 1277 σητασμένην
320 1152 433 1221 αὐτῶν
454 1152 515 1241 τήν
536 1153 708 1242 φάλαγγα,
725 1154 1046 1245 συντεταγμένος’
1009 1184 1063 1225 αυ-

101 1253 156 1334 τδς
170 1242 367 1342 ἐπιθέμενος
387 1253 532 1335 πολλοὺς
553 1253 666 1326 αὐτῶν
681 1263 902 1345 διαφθείρας,
925 1257 1083 1341 πολλοδςλ

103 1358 140 1426 δέ
156 1356 336 1445 ζωγρήσας,
350 1356 427 1438 τούς
443 1357 580 1440 λοιποὺς
593 1375 804 1450 καταφυγεῖν
818 1363 851 1441 ές
860 1369 1063 1451 Μαγνησίαν

100 1457 302 1550 ήνάγκοισεν.

68 1570 84 1620 5
179 1565 332 1652 Μέμνων
355 1570 556 1651 Κυζικηνοῖς
526 1560 688 1633 λέπιων
709 1569 751 1653 τῇ
769 1570 902 1657 κεφαλή
923 1573 1061 1636 καυσίαν

101 1667 244 1736 ἐπέθετο
259 1665 519 1759 Μακεδονικήν,
544 1663 644 1746 αὐτός
667 1693 704 1736 τε
725 1669 781 1737 καὶ
800 1665 872 1738 οῖ’
853 1666 941 1790 ἀμφ’
965 1666 1059 1771 αὐτὸν

101 1765 272 1893 ήγεμόνες.
322 1770 504 1855 Κυζικηνοὶ
536 1767 735 1856 προσιόντας
760 1767 825 1839 ἀπὸ
849 1797 922 1839 των
947 1776 1057 1857 τειχῶν

101 1867 262 1956 ὁρωντες,
290 1864 526 1957 νυμίσαυτες”
507 1897 558 1937 οτι
580 1868 715 1949 Χάλκοις
734 1864 943 1940 δΜακεδων
971 1879 1057 1996 φίλης

102 1968 150 2042 ἀν
171 1976 228 2041 καλ
249 1971 418 2060 σύμμαχος
437 1968 514 2058 ήκοι
532 1971 734 2060 βοηθήσων,
753 1971 1044 2062 προσεδέχοντο
1012 1999 1057 2053 τις

102 2075 209 2155 πάλας
222 2074 424 2161 ἀνοίγοντες.
435 2071 525 2142 Ἐπεὶ
540 2075 577 2142 δὲ
593 2080 737 2161 πλησίον
751 2079 945 2164 γενομένων
962 2076 1056 2165 έγνά-

103 2197 218 2265 ρισαν,
248 2181 283 2245 οί
306 2176 368 2265 μέν
393 2173 596 2245 ἀπέκλεισαν
615 2174 674 2257 τάς
696 2177 819 2258 πύλας·
849 2181 1004 2267 Μέμνων
1029 2179 1057 2248 δὲ

100 2278 163 2369 τήν
177 2279 290 2369 χώραν
304 2279 507 2369 λεηλατήσας
520 2276 756 2367 ἀπηλλάττετο.

434 2458 474 2513 45.
497 2460 734 2517 ΦΙλοΜΗΛοΣ.
1078 2450 1083 2505 ¹.

181 2585 369 2675 Φιλόμηλος
411 2591 568 2656 Φωκεῦσι
593 2588 856 2675 πολεμουμένοις
896 2583 964 2659 ὖπδ
998 2597 1058 2676 Θη-

102 2696 213 2776 βαίων
233 2690 288 2759 καὶ
304 2694 481 2756 Θετταλῶν
507 2683 734 2776 ὑποσχόμενος
757 2691 991 2776 κατορθώσειν
1009 2689 1061 2761 τδν

103 2790 263 2878 πόλεμον,
279 2786 415 2878 ήγεμοδυ
429 2787 654 2879 ἀποδειχθεὶς,
670 2790 733 2880 τήν
747 2798 807 2861 τοῦ
822 2796 971 2882 πολέμου
986 2793 1060 2882 πρό-

103 2915 210 2982 φασιν
233 2892 453 2980 ξενολογήσας
472 2901 513 2943 **
537 2899 669 2980 κρατῶν
689 2910 757 2973 τοῖς
780 2900 882 2984 ίεροῖς
902 2897 1083 2986 χρήμασινλ

102 2993 230 3085 ἀνέδην
253 2992 508 3083 ἀποήράμενος,
537 2994 600 3083 τήν
621 2993 805 3085 ἡγεμονίαν
831 3001 1016 3088 μετέβαλεν
1036 3003 1065 3090 ές

101 3098 164 3187 τήν
178 3103 375 3188 τυραννίδα.

446 3275 490 3331 4⁰.
511 3280 730 3332 ΔΗΜΟΚΛΗΣ.

181 3408 361 3492 Δημοκλῆς
375 3403 600 3493 πρεσβεύσας,
613 3403 904 3495 κατηγορούμενος
916 3403 986 3477 ἀπὸ
1000 3413 1068 3479 τῶν

101 3503 237 3589 [ἀλλων]
265 3512 501 3595 πρεσβευτῶν,
536 3504 587 3578 ὅτι
620 3507 766 3598 μεγάλας
790 3515 853 3580 τοῦ
878 3519 1069 3583 Διονυσίου
