2318 3892
506 191 702 269 npszrozv„
1041 196 1078 256 31

112 360 344 446 ὑποσπόνδοις
370 359 507 432 ἀπιοῦσι
530 365 587 432 καί
610 361 652 432 τά
676 365 775 450 σφόν
796 359 908 433 αὐτόν
928 369 1080 453 ἔχουσιν,

107 465 366 555 Ἀμφιπολίταις
386 466 423 535 δὲ
443 451 631 553 αὐτόνομον
647 462 710 555 τήν
725 472 886 554 πατρίδα,
909 474 940 536 εί
950 466 1079 558 σύμμα-

111 598 169 656 χοι
193 574 470 657 Λακεδαιμονίων
496 570 658 655 γένοιντο.
700 575 753 660 Τῷ
787 568 974 657 κηρύγματι
1005 596 1079 640 πει-

111 671 257 751 σθέντες
266 669 440 758 Ἀθηναῖοι
461 669 523 759 μὲν
542 667 827 757 ἀπαλλάσσονται,
845 669 1080 760 Ἀμφιπολῖται

64 802 91 840 5
114 774 155 843 δέ
166 778 445 860 Λακεδαιμονίοις
458 775 677 861 προσέθεντο·
691 780 859 862 Βρασίδας
868 775 905 844 δὲ
915 772 1078 864 Ἀμφίπο-

113 886 173 945 λιν
187 872 265 944 καθ’
285 871 464 962 ὁμολογίαν
477 875 733 964 προσεκτήσατο.

195 983 378 1066 Βρασίδας,
392 974 513 1058 νυκτός
525 980 695 1047 ἐπιπλέων
708 977 861 1067 Σκιώνη,
880 979 998 1067 τριήρη
1018 1008 1075 1067 φιο
1095 1004 1112 1055 4

115 1087 195 1149 λίαν
216 1079 380 1168 προπλεῐν4
397 1082 529 1162 ἔταξεν·Υ
548 1077 648 1161 αὐτὸς
669 1079 707 1149 δὲ
721 1082 759 1150 ἐν
772 1076 965 1175 ύπηρετικῷ
977 1082 1075 1153 κατό-

113 1209 175 1252 πιν
193 1187 319 1269 εἵπετο,
339 1179 428 1263 ὅπως
436 1218 451 1268 χ
469 1188 500 1252 εί
521 1180 584 1271 μέν
606 1210 639 1252 τι
660 1191 772 1272 μεῖζον
790 1190 851 1253 τοῦ
872 1180 1076 1273 ὑπηρετικοῦ

55 1312 90 1350 ,ο
111 1286 273 1372 πολέμιον
287 1289 464 1375 ἐπιφανείη
486 1285 631 1374 σκάφος,
645 1281 665 1374 ή
679 1284 815 1374 τριήρης
829 1282 970 1374 ἀμύνοι,
994 1294 1024 1356 εί
1038 1290 1076 1358 δέ

107 1385 290 1467 ἀντίπαλος
305 1385 388 1477 άλλη
401 1388 555 1478 τριήρης,
571 1390 609 1457 έν
622 1384 689 1480 ὅσω
704 1386 786 1476 πρὸς
801 1392 1073 1477 ἐκείνηνδιαγω-

107 1497 245 1576 νίζεται,
257 1487 356 1572 αὐτός
367 1494 457 1586 ἐντῷ
470 1486 661 1583 ὐπηρετικῷ
672 1495 884 1579 διασωθῆναι
896 1493 1072 1579 φθάσειεν.

187 1600 372 1680 Βρασίδας,
402 1597 439 1664 ἐν
467 1594 558 1686 τόπῳ
583 1598 690 1685 στενῷ
715 1595 967 1682 προσκειμένων
991 1595 1109 1664 κατάῠ

105 1691 171 1782 τήν
191 1693 356 1785 οὐραγίαν
378 1702 447 1765 των
467 1701 656 1783 πολεμίων,
682 1697 859 1764 ἐκέλευσεν
879 1692 944 1765 ἀπὸ
965 1698 1075 1785 λόφου

55 1829 87 1869 ιτ
109 1796 294 1878 κόπτοντας
319 1802 357 1869 ἐν
377 1799 470 1887 μέρει
491 1796 573 1878 ξύλα
596 1803 759 1884 κομίζειν·
779 1795 841 1885 τήν
856 1798 893 1866 δὲ
906 1794 991 1886 ύλην
1005 1807 1073 1888 πύρ

106 1899 263 1988 ἐμβαλῶν
281 1904 482 1990 ἐνέπρησεν,
502 1896 585 1970 ὥστε
598 1905 722 1988 πολλῆς
742 1899 866 1987 φλογός
886 1905 1073 1991 αίρομένης,

105 2008 140 2073 οί
166 2007 317 2092 πολέμιοι
340 2002 424 2073 κατά
449 2000 512 2090 τήν
539 2000 704 2092 οὐραγίαν
734 2010 956 2090 προσπίπτειν
986 2010 1070 2074 ἐκω-

105 2106 239 2193 λύοντο,
251 2103 349 2188 αὐτδς
359 2107 396 2177 δὲ
411 2104 568 2195 ἀσφαλῶς
581 2104 644 2196 τήν
657 2103 869 2197 ἀναχώρησιν
884 2106 1069 2195 ἐποιήσατο.

488 2284 532 2344 ω.
550 2253 690 2341 mm.

55 2441 86 2479 ιο
185 2419 325 2498 Νικίας,
347 2411 549 2491 ἐπιπλεύσας
565 2416 605 2500 τῇ
623 2416 794 2501 Κορινθία
813 2410 963 2500 νύκτωρ,
985 2419 1071 2483 ἔνθα
1090 2437 1102 2486 1

103 2512 122 2584 ὁ
148 2515 303 2603 Σολύγης
331 2513 452 2608 λόφος,
484 2510 692 2600 ἀποβιβάσας
718 2508 910 2600 Ἀθηναίων
936 2511 1071 2597 ὁπλίτας

102 2623 249 2707 χιλίους,
271 2618 327 2685 καὶ
347 2607 471 2695 ἀλλους
490 2612 616 2702 ἀλλαχῆ
633 2617 770 2701 λοχῆσαι
789 2614 886 2696 τάξας
900 2612 1067 2689 ἀπέπλευ-

103 2742 182 2790 σεν·
202 2721 274 2789 ε’πελ
289 2718 326 2789 δὲ
340 2714 532 2806 ύπηύγαζεν
545 2721 608 2798 ἕως
617 2767 627 2803 ,
648 2717 751 2786 πάλιν
765 2708 809 2785 αὐ
824 2725 978 2808 φανεροῖς
993 2725 1066 2792 έπέ-

104 2834 261 2894 πλευσεν.
305 2827 350 2892 Οί
379 2822 442 2912 μὲν
461 2827 642 2910 Κορίνθιοι
669 2826 802 2912 σπουδή
822 2825 1067 2911 ἐκβοηθούντες

59 2958 86 2994 ος,
106 2936 222 3012 ἔδεον,
238 2929 446 3006 κωλύσοντες
459 2927 646 3013 ἐκβαίνειν·
667 2929 701 2992 oc
712 2923 749 2992 δὲ
767 2927 804 2993 ἐν
817 2941 890 3005 ταῖς
917 2929 1068 3016 ἐνέδραις

104 3028 359 3118 ἐπανιστάμενοι
372 3027 451 3108 τούς
464 3035 641 3107 πλείστους
654 3024 767 3097 αὐτῶν
781 3029 993 3116 διέφθειραν.
1084 3058 1100 3107 2

181 3138 319 3220 Νικίας,
342 3129 680 3221 στρατοπεδευόντων
698 3125 892 3216 Ἀθηναίων
925 3134 1002 3220 περὶ
1026 3134 1065 3205 τό

97 3236 298 3323 Ὀλύμπιον,
321 3237 354 3314 ἐς
367 3232 404 3302 τὸ
418 3231 482 3323 πρὸ
496 3239 556 3302 τοῦ
571 3235 799 3323 στρατοπέδου
820 3237 961 3321 χωρίον,
982 3232 1062 3323 ὁμα-

102 3341 157 3420 λὲς
189 3334 247 3425 όν,
279 3337 433 3406 ἐκέλευσε
469 3337 603 3424 νύκτωρ
628 3333 805 3422 τριβόλους
834 3353 1061 3426 κατασπεῖραι.

170 3573 238 3638 cap.
255 3570 298 3626 εε.
336 3572 362 3633 ς.
380 3571 406 3622 4.
442 3570 486 3621 ει
504 3567 628 3633 Thucyd.
645 3569 675 3630 4,
688 3566 754 3620 ³120.
