2318 3892
447 158 671 223 ΠΕΜΠΤΟΝ,
980 162 1039 223 195

67 361 145 404 τοον
167 332 326 418 διετέλει,
353 334 410 401 καὶ
441 331 587 412 πολλοὺς
606 330 813 412 Σικελιώτας
834 332 909 402 κατ’
935 333 1039 405 αὐτοῦ

72 443 240 525 συνίστη,
261 437 317 504 καὶ
339 451 407 514 τοῖς
424 430 604 504 ἀνελοῦσιν
617 431 722 504 αὐτὸν
741 435 880 524 ἐκήρυξε
894 437 1039 525 μεγάλας

75 539 218 629 δωρεάς.
246 535 452 625 Ἀγαθοκλῆς
471 540 695 627 παροξυνθεὶς
710 547 902 626 πολιορκεῖν
920 541 1038 630 Μεσή·

74 671 142 732 νην
159 641 423 731 παρεσκευάζετο
438 643 494 709 καὶ
509 644 641 729 πέμψας
653 641 782 731 κήρυκα
797 640 903 731 ἐξήτει
918 651 1036 732 Μεγα-

76 747 176 816 κλέα·
201 749 233 814 εί
251 745 289 814 δὲ
309 742 354 833 μή
368 743 481 831 λάβοι,
504 741 566 832 τήν
580 744 678 813 πόλιν
700 747 1039 834 ἐξανδραποδιεῑσθαι

74 847 161 919 κατὰ
181 847 299 938 κράτος
320 846 406 916 ἑλών
425 844 565 935 ήπείλει.
607 852 789 937 Μεγακλῆς
809 847 867 917 τὸν
887 850 1039 918 θάνατον

75 948 139 1023 οὔκ
153 955 295 1038 ἔδεισεν,
310 947 385 1019 ἀλλ’
402 947 490 1019 ἑκών
503 945 607 1018 αὑτὸν
625 955 672 1031 είς
685 947 747 1038 τήν
762 957 896 1021 ἔκδοσιν
910 954 1036 1020 ἐπίδω-

77 1080 154 1140 m,
177 1060 208 1123 εί
225 1055 387 1143 πέμποιτο
409 1052 626 1140 πρεσβευτής.
662 1055 914 1141 Ψηφισαμένυν
935 1061 1038 1123 ταῦτα

79 1163 281 1247 Μεσηνίοιν,
312 1153 426 1226 ἐλθάν
448 1163 495 1235 είς
514 1153 551 1225 τδ
572 1153 799 1244 στρατόπεδον
817 1162 879 1225 τοῦ
897 1154 1036 1245 Ἁγαθο·
1087 1184 1091 1189 ·

55 1290 67 1331 ι
79 1262 196 1340 κλέους
204 1255 222 1282 “
229 1256 313 1345 Ἐγώ
326 1257 405 1344 τοι”,
416 1265 492 1346 ἔφη,
502 1255 581 1327 “nal
592 1259 790 1347 πρεσβεύων
803 1257 893 1347 παρά
906 1267 964 1349 τής
978 1259 1037 1329 πό-

81 1359 237 1452 λευςήκω
248 1361 563 1449 καὶτεθνηξόμενος·
579 1362 743 1453 πρότερον
752 1362 1039 1452 δέτήςπρεσβείας

80 1462 223 1536 άκουσον
248 1462 330 1553 μετά
355 1469 424 1533 τῶν
450 1460 594 1551 φίλων”.
636 1462 1038 1555 Ἀγαθοκλήςσυνήγαγε

82 1565 154 1649 τούς
175 1574 307 1656 φίλους.
336 1564 408 1636 Ἐπὶ
429 1565 560 1636 τούτων
586 1562 604 1634 ὁ
624 1573 807 1655 Μεγακλῆς
829 1567 979 1638 διελθών
997 1568 1039 1638 τά

82 1674 191 1741 δίκαια
204 1674 262 1760 τής
280 1675 440 1758 πατρίδος
468 1675 661 1738 τελευταῖον
676 1676 756 1758 ἔφη,
779 1667 846 1739 “El
861 1670 899 1740 δὲ
914 1673 968 1740 ἐπὶ
981 1671 1039 1751 τάς

55 1773 299 1871 ρΣυρακοάσας
313 1771 514 1860 ἐστράτευον
529 1771 714 1860 Μεσήνιοι,
738 1772 881 1860 πότερον
894 1768 937 1842 άν
951 1764 1038 1861 ὑπὲρ

79 1882 326 1965 Συρακουσίων
346 1871 366 1964 ή
389 1881 576 1962 Μεσηνίιον
603 1874 712 1944 πάντα
740 1882 898 1964 ἔπραττες
908 1874 940 1958 ;”
970 1883 1049 1946 Τοῦ·

79 1982 113 2051 δὲ
130 1978 377 2067 Ἀγαθοκλέους
399 1976 482 2066 πρός
500 1977 538 2047 τὸ
559 1978 711 2066 ἐρώτημα
731 1978 980 2067 μειδιάσαντος,
1007 1984 1042 2048 ολ

74 2083 241 2173 παρόντες
255 2089 350 2169 φίλοι
374 2080 607 2170 παρεκάλεσαν
627 2079 731 2154 αὐτὸν
752 2087 933 2170 φείδεσθαι
956 2109 1038 2170 πρε-

74 2189 223 2275 σβευτοῦ
240 2189 353 2254 δίκαια
367 2186 536 2271 λέγοντος·
552 2180 569 2252 ὁ
585 2184 633 2270 δὲ,
648 2186 892 2272 διαλυσάμενος
906 2184 963 2255 τὸν
978 2186 1038 2254 πό-

75 2299 195 2379 λεμον,
211 2289 266 2356 καὶ
284 2284 344 2356 τὸν
356 2288 539 2374 Μεγακλέα
553 2291 641 2355 σῶον
655 2286 830 2377 ἀπέπεμψε
848 2288 903 2357 καὶ
921 2297 1039 2374 φιλίαν

73 2393 243 2462 συνέθετο
257 2387 339 2478 πρὸς
351 2389 429 2470 τούς
443 2395 648 2477 Μεσηνίους.

413 2566 453 2625 16.
474 2569 696 2624 ΠΑΜΜΕΝΗΣ.

153 2697 339 2784 Παμμένης
360 2692 416 2764 διά
435 2699 669 2787 τήςΙΦωκίδος
689 2682 750 2781 ’ήγε
763 2690 800 2760 τὸ
815 2691 1043 2781 στρατόπεδον
1060 2707 1074 2758 1

77 2800 115 2880 ἐς
126 2797 253 2886 Θήβας.
287 2802 333 2866 Οί
347 2800 499 2884 πολέμιοι
513 2796 572 2867 τδν
586 2792 814 2883 Φιλοβοιωτόν
833 2795 1043 2883 καλούμενον

55 2949 61 2971 .
78 2899 315 2987 κατελάβοντο,
331 2905 448 2984 ἔχοντα
461 2896 561 2979 ὁδοὺς
575 2899 636 2968 δύο
651 2897 779 2981 στενάς,
796 2887 844 2965 ὧν
859 2903 916 2984 τής
931 2900 1043 2984 ἑτέρας

77 3001 144 3093 ήδη
164 3001 445 3088 κατειλημμένης,
475 2995 493 3068 ὁ
516 3005 698 3089 Παμμένης
720 2997 841 3087 ὀρθίας
859 2997 918 3078 τάς
935 2999 1043 3080 τάξεις

77 3104 236 3196 βαθύνας
259 3104 315 3172 καὶ
342 3101 481 3190 ποιήσας
508 3101 544 3171 τὸ
565 3102 791 3188 στρατόπεδον
818 3098 960 3188 εὔογκον
986 3100 1044 3170 καὶ

78 3204 301 3298 πορευτικδν,
328 3204 546 3301 ἐσχημάτισεν
572 3207 628 3274 ἐπὶ
656 3201 694 3273 τὸ
716 3203 844 3288 δεξιὸν,
872 3200 916 3282 ὡς
938 3209 1043 3273 ἐνθεν

79 3309 177 3394 ἄξιον.
206 3313 254 3379 Οί
264 3308 319 3392 δὲ,
338 3302 377 3375 τὸ
392 3303 570 3396 εὐώνυμον
583 3304 792 3391 ἐκλιπόντες,
812 3306 867 3374 ἐπὶ
879 3305 918 3376 τὸ
932 3303 1049 3388 δεξιὸν-

55 3448 63 3489 )
81 3420 229 3503 ἔδραμον
241 3407 287 3493 ὥς
299 3409 525 3490 κωλύσοντες·
540 3405 558 3480 ὅ
572 3409 621 3496 δὲ,
632 3411 687 3479 ἐπὶ
700 3407 738 3478 τδ
749 3405 927 3495 εὐάννμον
934 3430 1041 3479 σπου·

81 3522 124 3610 δή
139 3511 299 3609 δρυμῶν,
318 3509 477 3601 ἀσφαλῶς
489 3512 627 3601 διήγαγε
643 3509 681 3581 τὸ
693 3511 931 3605 στρατόπεδον.

524 3653 526 3659 ’
584 3644 587 3649 “
805 3628 810 3635 '
832 3625 895 3688 13*
