2318 3892
401 173 582 237 ΟΓΔΟΟΝ
917 177 979 240 323

41 341 165 431 ςόντυν
178 339 264 468 πρός
274 341 334 412 τόν
347 343 576 445 τῦνυουῳὶ
542 343 625 415 οτό
639 344 767 433 σκάφος
781 348 981 437 ἐξακούμενοι

41 472 164 535 ατηγον
172 473 207 525 ες
218 441 451 578 Ἀκαρνανίαν.
478 446 521 518 Τό
536 451 666 537 πλῆθος
680 454 750 518 νῦν
765 448 981 539 Ἀκαρνάνων

41 547 185 675 Ιαθόντες
199 575 239 619 τα
251 553 469 638 πεπραγμένα
488 558 688 640 οἰκτείρουσι
701 578 763 641 την
782 552 980 642 κόρην,καὶ

41 649 74 721 ἰν
81 645 278 741 Ἡρόκοντα
283 649 537 742 δήσαντεςαύτη
524 651 778 741 παρέδωκαν*
777 655 980 745 Οτύραυνος

41 752 237 851 ρεσβτύεται
258 751 341 840 πρὸς
360 753 468 879 αῦτὴη
486 751 573 844 ὑπὲρ
593 761 656 825 τοῦ
674 756 809 837 παιδός·
831 753 851 847 ἡ
873 757 927 843 δὲ,
951 767 982 828 εἰ

41 852 95 937 ιῦς
106 857 226 945 γονέας
237 852 412 945 όπολόβοι,
425 858 500 927 τότε
515 855 751 927 ἀποδώσειν
716 886 777 927 του
789 859 864 929 υἱόν
878 864 978 986 ἐπηγ-

41 964 158 1029 nam.
193 956 404 1046 Φρικόῦημος
417 961 595 1040 πιστεύσας
610 960 848 1086 ἐξέπεμψεν’
805 967 891 1050 αυτῇ
902 961 981 1044 τοῦς

41 1058 200 1141 οῦέας·ἱ
164 1088 183 1131 o
185 1057 264 1130 λ’όὲ
259 1067 455 1148 Ακαρυῦυες
468 1061 570 1133 οῦδὲν
579 1069 717 1133 ἔλαττον
729 1092 789 1134 τον
796 1061 980 1153 Ἡρόκοντα

41 1162 225 1254 ἱκισόμενοι
245 1165 372 1250 πικρῦς
386 1162 595 1235 ἀπέκτειναν.
633 1166 701 1235 Τόν
714 1166 751 1236 δὲ
761 1167 980 1261 Φρικόόημον

41 1262 153 1355 όμετα
141 1264 292 1346 πολλός
308 1262 431 1355 ημέρας
445 1273 480 1337 οἱ
489 1277 622 1338 πολῖται
636 1272 911 1358 διέφθειρανθ
883 1275 929 1341 Οἱ
943 1271 980 1340 δὲ

41 1364 225 1457 ἠνἘλίκηυ
244 1373 415 1450 οἰκοῦντες
435 1369 499 1440 οῦκ
519 1378 567 1451 είς
585 1371 717 1461 μακρόν
743 1374 981 1462 κατεπόθησαν

41 1468 115 1541 onoc
123 1472 233 1540 τεκαὶ
245 1467 267 1560 ἡ
279 1470 392 1559 πόλις,
414 1479 472 1562 τῆς
486 1474 548 1561 μὲν
561 1479 622 1563 γῆς
635 1481 843 1565 σεισθείσης,
866 1481 928 1545 τοῦ
942 1475 979 1545 θλ

41 1571 180 1662 σλοὶγους
201 1572 450 1656 έπικλύσαντος.
476 1573 593 1659 Ἔδοξε
610 1573 648 1645 τό
672 1576 799 1665 μήνιμα
819 1581 980 1665 γενέσθαι

41 1680 75 1745 τῦ
89 1680 319 1764 Ποσειδῶνος,
332 1674 393 1746 ότι
408 1676 471 1767 τὴν
485 1680 589 1748 ἱκέτιν
604 1676 709 1747 αὐτοῦ
723 1683 897 1766 παρθένον
911 1694 979 1759 τοῖς

41 1786 187 1869 ολεμίοις
200 1779 376 1861 ἐξέδωκαν.

368 1957 410 2012 47.
431 1960 630 2013 ΦΕΡΕΤΙΜΔ.

88 2080 298 2170 Ἀρκεσίλαος
311 2084 440 2154 Βόττου
453 2092 659 2175 Κυρηναίων
675 2087 836 2172 βασιλέως
844 2137 854 2171 ,
875 2113 977 2154 κατα·

41 2188 230 2266 τασιασθεὶς
248 2183 315 2257 ῦπό
337 2191 398 2256 τοῦ
410 2187 565 2275 πλήθους
586 2188 720 2270 ἐξέπεσε
740 2192 797 2277 τῆς
817 2185 935 2274 όρχης·
957 2184 978 2274 ἡ

41 2293 51 2359 ἱ
66 2286 175 2378 μήτηρ
196 2285 302 2358 αύτοῦ
315 2295 499 2379 Φερετίμα,
518 2287 603 2379 πρός
619 2285 818 2358 Εύέλθοντα
838 2289 978 2375 βασιλέα

41 2400 209 2481 ἀλαμϊνος
221 2396 279 2482 τῆς
293 2396 331 2462 έν
343 2390 473 2485 Κύπρῳ
489 2391 670 2476 πλεύσασα,
686 2393 855 2461 ἱκέτευσεν
865 2397 977 2459 αἱτου-

41 2497 98 2583 ένη
112 2502 313 2583 συμμαχίαν.
344 2492 380 2565 Ὁ
394 2495 456 2583 μὲν
468 2493 621 2584 Κύπριος
639 2497 698 2583 τῆς
713 2497 838 2572 ἱκεσίας
856 2489 977 2581 ἠμέλη-

41 2618 91 2666 ευ·
116 2592 154 2666 ἓν
175 2595 213 2665 δέ
231 2602 279 2691 τῷ
291 2598 373 2678 τέως
393 2594 600 2685 Ἀρκεσίλαος
616 2592 783 2682 Ἑλλήνων
796 2593 979 2682 συμμάχων

41 2697 218 2788 όπορήσας,
234 2697 426 2785 κατελθῦν,
441 2696 503 2787 τὴν
517 2696 624 2787 ἀρχὴν
635 2693 832 2785 όναλαβῦν,
853 2702 979 2785 πικρός

41 2798 263 2892 ,μετρούμενος
287 2800 366 2884 τοῦς
400 2800 628 2890 λελυπηκότας
658 2795 725 2869 ῦπό
753 2805 820 2869 τῶν
847 2797 979 2888 ὁμόρων

41 2903 198 2995 αρβόρυν
221 2901 384 2994 ῦνηρέθη.
426 2912 593 2993 Φερετίμα
616 2900 701 2990 πρός
724 2901 761 2972 τό
784 2901 899 2972 δεινόν
918 2898 979 2970 οῦκ
1043 2995 1047 3002 .

41 3007 248 3096 πηγόρευσεν
256 3060 266 3096 ,
280 2997 365 3077 ἄλλό
379 3004 423 3088 σός
436 3005 496 3076 τόν
510 3006 685 3095 Αἰγύπτου
699 3004 873 3091 σατράπην
885 3001 979 3088 'on-

41 3117 124 3200 νθην
145 3115 389 3198 καταφυγοῦσα
403 3116 463 3179 καί
474 3137 567 3189 τινας
584 3107 776 3198 εὐεργεσίας
789 3109 824 3185 ές
836 3105 978 3194 Καμβύ-

41 3215 340 3304 ηνπροβαλομίνη,
363 3210 490 3301 πολλὴν
510 3212 656 3300 δύναμιν
676 3205 812 3296 πεζικὴν
824 3208 881 3278 καί
893 3236 977 3276 ναυ-

41 3315 111 3408 κιήν
128 3319 373 3406 συλλαβοῦσα,
407 3317 644 3406 προσβαλοῦσα
679 3326 749 3391 τοῖς
774 3317 980 3402 Κυρηναίοις

81 3549 152 3616 Cap.
172 3551 217 3604 47.
252 3549 295 3602 Ex
312 3548 454 3602 Herodoto
474 3551 503 3609 2,
525 3544 682 3600 162—167.
765 3627 831 3689 21*
