2318 3892
84 267 87 276 Ι
119 180 160 240 94
506 174 690 233 ΒΙΒΛΙΟΝ
1072 39 1087 277 6,

46 399 48 403 ψ
85 376 101 426 5
189 345 392 437 Ἰφικράτης,
413 344 469 415 διά
481 347 593 435 μέσων
607 350 778 434 πολεμίων
791 347 959 429 ἐξελθεῖν
971 346 1067 435 βοελό

118 479 233 541 μενος,
254 458 381 540 έπεμψε
394 449 528 576 νύκτωρ
542 450 596 519 ἐπὶ
610 447 650 518 τά
663 446 750 538 άκρα
763 455 838 520 τῶν
853 453 1069 539 κατεχομένη
1090 484 1098 507 ·

116 561 249 645 χωρίων
259 551 472 641 σαλπιγκτάς,
479 581 517 622 το
506 551 713 641 πολεμικόν
723 558 878 642 σημῆναι
892 553 1069 644 προστάξας.

120 657 241 748 Οίμὲν
254 658 439 748 ἐσήμηναν
460 684 478 724 ο
480 658 656 745 ίπολέμιοι
670 655 708 726 δὲ
721 652 933 746 ἀνέδραμον
929 654 1021 746 πρός
1030 653 1070 727 τόν

115 754 198 885 ἦχον
217 767 285 831 τάν
304 763 528 886 σαλπιγκτῶν.
556 756 744 849 Ἰφικράτης
764 757 940 849 ἀσφαλῶς
960 764 1097 850 onim·
1099 814 1101 822 .

117 871 185 936 τόν
199 870 369 953 πολεμίων
381 892 441 934 τον
449 861 669 953 μέσεντοπον
681 869 808 953 ἔρημον
815 863 1072 935 καταλιπόντων.

84 993 102 1047 6
191 966 378 1058 Ἰφικράτης
397 963 553 1055 ἡττηθεὶς
580 962 653 1054 μετ’
682 963 809 1055 ὀλίγων
839 969 1074 1057 κατέφνγεκές

118 1079 241 1161 χωρίον
259 1069 346 1141 δασύ
366 1071 421 1139 καί
441 1068 684 1160 πολύδενδρον.
706 1067 797 1140 Ἐπεί
813 1070 854 1141 δὲ
868 1070 1074 1158 ἐφυλάττετο,

118 1176 299 1262 προσέταξε
313 1172 446 1261 νύκτωρ
460 1170 543 1241 κατά
556 1171 702 1260 θάτερον
715 1175 815 1262 μέρος
823 1179 973 1264 ποιῆσαι
984 1171 1074 1261 δύην

119 1285 191 1366 βον.
231 1282 307 1345 Τόν
328 1281 497 1364 πολεμίων
515 1278 736 1365 τραπομένων
749 1273 834 1365 πρὸς
853 1275 894 1347 τό
912 1279 1076 1368 θορνβοότ

118 1381 233 1470 μέρος,
248 1376 347 1458 αὐτὸς
362 1377 605 1471 κατάθάτερον
619 1382 763 1468 ἐξῆλθεν
776 1376 982 1462 ἀκωλύτως.

68 1490 138 1573 7(8)
193 1481 396 1572 Ἰφικράτης,
429 1479 781 1572 άντιστρατενομένων
804 1487 876 1551 τοῖν
905 1488 1076 1574 πολεμίων,

119 1591 270 1676 προῆλθε
290 1589 399 1673 τρισὶν
416 1581 553 1675 ἡμέραις
575 1584 704 1656 λαθύν.
737 1583 1075 1678 Μηχανησόμενοςτό

118 1699 257 1777 λαθεῖν,
279 1689 361 1772 ξύλα
379 1687 460 1777 ξηρά
473 1684 589 1778 ὑφῆψε
602 1691 658 1758 καὶ
671 1703 740 1769 τοίς
754 1691 865 1777 ξηροῖς
877 1689 1005 1782 χλωρά
1013 1690 1069 1760 ἐτέ-

120 1803 245 1882 θηκεν·
269 1789 286 1862 6
308 1793 344 1863 δὲ
365 1789 446 1882 άὴρ,
478 1790 583 1880 παχύς
605 1793 660 1861 καί
681 1787 868 1881 ὁμιχλώδης
889 1793 1072 1886 γενόμενος,

120 1895 319 1984 ἐπεσκότησε
334 1910 406 1975 ταῖς
418 1899 487 1963 τῶν
500 1901 670 1984 πολεμίων
682 1891 811 1978 ὄφεσιν.

68 1998 138 2085 8(7)
194 1996 379 2087 Ἰφικράτης
387 2005 523 2076 πλείους
535 1997 602 2086 εἶχε
610 1997 814 2086 στρατιώτας
823 2002 1079 2089 τῶνπολεμίατ,

119 2103 175 2172 καὶ
189 2107 223 2170 oc
233 2101 367 2189 μάντεις
380 2099 465 2171 καλά
478 2103 533 2170 καὶ
555 2099 595 2170 τά
610 2099 684 2189 ίερά
698 2097 906 2190 προύλεγον·
926 2099 1006 2173 ἄλλ’
1028 2097 1080 2171 οότ

119 2210 232 2291 ἔκρινε
252 2203 515 2292 παρατάξασθαι.
544 2200 601 2284 Ὡς
623 2206 661 2274 δὲ
680 2203 867 2295 παράλογος
886 2199 911 2294 ἡ
931 2206 1080 2295 μέλλησις

118 2321 188 2388 τοῖς
204 2315 339 2387 πολλοῖς
353 2302 520 2394 ἐγένετο
492 2358 501 2393 ,
522 2303 587 2377 T6
602 2312 640 2378 ἐν
652 2334 692 2432 τη
678 2311 836 2400 διανοίη
848 2334 919 2395 μου
934 2306 1013 2399 ίερά
1027 2304 1079 2378 οὐκ

119 2407 345 2499 έπέτρεφεν,”
362 2417 443 2534 ἔφη,
453 2405 625 2494 “συνάηαι
637 2409 763 2500 μάχην·
779 2410 956 2480 πολλοὶ
912 2439 982 2502 γαρ
996 2408 1080 2490 ὄντες

120 2519 155 2584 οί
120 2535 362 2605 οστρατιωται
381 2509 459 2582 ούτε
479 2508 745 2603 προβαλέσθαι’
730 2540 815 2602 ομον
801 2505 1025 2585 Μδννατοὶ
1003 2535 1080 2603 ησαν

119 2613 203 2686 ούτε
213 2621 411 2686 παιωνίσαι
423 2612 523 2705 ἡνίκα
538 2617 576 2686 δὲ
589 2616 796 2706 παρήγγειλα
808 2624 923 2687 κλίναι
937 2646 978 2689 το
963 2614 1079 2707 δόρυ,

120 2725 246 2788 πλείων
261 2716 435 2806 ἐξηκούετο
448 2718 557 2805 ψόφος
571 2725 639 2788 ταῖν
652 2714 839 2789 ὀδόντων’“
817 2749 838 2810 η
853 2746 926 2789 των
932 2713 1079 2791 οπλων.

85 2838 103 2894 9
192 2817 395 2909 Ἰφικράτης,
421 2823 490 2890 τάν
515 2820 669 2910 μάντεων
693 2818 997 2911 άπαγορενόντων,
1025 2818 1080 2891 ούι

121 2922 226 3006 εὐθὺς
254 2927 426 3008 ἐπείθετο,
452 2921 536 2993 άλλά
561 2918 583 3013 ἢ
608 2921 645 2994 τὸ
672 2930 802 3014 πλῆθος
823 2918 1081 3015 μετέταττεν,ἢ

120 3025 232 3117 χάραν
257 3023 486 3118 ὑπηλλαττεν,
517 3021 539 3117 ἢ
566 3024 603 3097 τὸ
628 3035 754 3116 χωρίον
779 3030 1005 3116 μετέβαλλεν,
1031 3029 1082 3099 καί

121 3131 223 3202 πάλιν
250 3132 306 3200 ἐπὶ
326 3129 456 3210 τούτοις
476 3129 605 3201 ἐδύετο.
655 3136 759 3201 Τοῦτο
778 3134 885 3200 ἐποίει
911 3129 1081 3216 πολλάκις,

121 3231 162 3304 06
175 3239 236 3325 μιᾷ
249 3236 366 3317 σκέψει
379 3232 438 3302 τόν
451 3239 511 3303 τοῦ
525 3231 648 3314 παντὸς
663 3240 828 3304 κίνδυνον
840 3236 1045 3323 ἐπιτρόπων.

71 3357 105 3410 10
196 3334 1101 3429 ἸφικράτηςΛακεδαιμονίοιςπαραταξόμενοςῆρχετο.ι

122 3441 249 3511 Πολλοί
277 3440 490 3530 παρεκάλουν
515 3437 619 3512 αὐτόν
641 3437 733 3522 ὅπως
759 3437 918 3529 άποφηνη
936 3439 1000 3511 τόν
1022 3439 1082 3530 μὲν

122 3551 309 3631 χιλίαρχον,
324 3541 384 3614 τὸν
400 3543 436 3615 δέ
451 3551 752 3632 πεντακοσίαρχον·
767 3545 823 3614 καὶ
836 3541 937 3625 άλλος
948 3545 1080 3632 ταξίαμ
