2318 3892
483 155 709 217 ΠΕΜΠΤΟΝ.
1016 157 1075 219 211

109 325 420 417 τιπαρατάσσεσθαι
434 330 611 417 μέλλοντες
631 324 822 413 ὡπλίζοντο.
848 336 898 399 .οί
918 331 956 400 δέ
970 335 1007 400 ἐκ
1021 336 1079 420 τῆς

111 429 258 517 πόλεως’,
272 446 341 511 τοῖς
355 436 415 501 τοῦ
430 429 619 520 αὐτομόλου
634 428 745 519 λόγοις
759 429 856 521 ὅμοια
870 437 926 503 καί
940 432 981 504 τά
996 441 1077 524 ἔργα

112 528 275 622 ὁρωντες,
308 540 571 622 καταβαίνουσιν
606 533 672 606 άπό
705 540 773 605 τῶν
809 538 966 624 ἐρυμνῶν
994 536 1077 626 πρδς

111 633 246 716 αὐτούς.
285 643 330 706 Οί
348 636 385 706 δέ
405 637 613 726 Μεμνόνειοι
633 635 711 718 τούς
730 646 911 727 πολεμίους
931 636 1076 727 ὁρωντες

55 766 71 793 t
86 741 152 809 ι-ἐν
163 744 213 832 τῷ
226 742 382 833 ίσοπέδφ,
397 737 459 810 ούκ
475 738 527 810 ἐπ’
544 738 715 830 ἀλληλοις,
734 738 820 811 ἄλλά
832 740 905 829 μετ’
921 740 1076 830 άλληλων

55 870 81 911 ι
111 838 165 911 ἐπ’
188 838 314 929 7αὐτούς
332 839 535 932 ὁρμήσαντες
556 840 767 932 ὑποχειρίους
792 840 940 925 ἅπαντας
960 845 1073 933 ἐποιή-

55 972 82 1031 ι
111 963 225 1014 σαντο.

55 1064 81 1116 b
184 1043 434 1136 Ἀριστώνυμον
469 1050 507 1117 ἐν
534 1026 713 1137 Μηθύμνη
741 1047 854 1138 Χάρης
885 1052 1109 1135 πολιορκάν3

55 1178 80 1219 ι
109 1155 297 1238 πρεσβείαν
320 1154 449 1236 ἔπεμψε
469 1147 553 1239 πρός
567 1153 752 1239 Μέμνονα,
767 1148 870 1234 ἄξιόν
884 1148 929 1239 μη
943 1155 1072 1238 βοηθη-

73 1270 95 1316 ιο
107 1273 167 1321 σαι
182 1247 426 1345 Ἀριστωνύμφ.
456 1248 491 1321 ‘0
515 1252 552 1321 δὲ
566 1248 769 1342 άπεκρίνατο
784 1252 969 1342 βοηθήσειν
983 1248 1074 1345 αύτῷ

105 1353 195 1424 κατά
209 1353 346 1443 κράτος·
369 1356 425 1423 καὶ
445 1353 508 1443 γάρ
528 1354 616 1425 εἶναι
635 1355 798 1444 πατρικὸν
818 1363 920 1442 φίλον
941 1357 997 1423 καὶ
1020 1357 1073 1437 ξέ-

104 1485 187 1544 νον,
216 1459 272 1527 καὶ
301 1460 358 1545 τῆς
383 1484 422 1544 γε
444 1456 566 1538 νυκτός
586 1462 645 1544 τῆς
662 1458 820 1547 ἐπιούσης
838 1457 921 1548 μετά
936 1457 1073 1527 πάντων

102 1565 178 1630 τεόν
191 1564 405 1648 στρατιωτῶν
418 1559 715 1649 ἐκείγενησεσθαι.
750 1560 880 1650 Χάρης,
901 1565 970 1630 τῶν
990 1586 1070 1649 πρε-

103 1666 265 1750 σβευτῶν
303 1658 534 1749 ἀγγειλάντων
566 1669 689 1748 ταῦτα,
725 1663 994 1752 κατεφρόνησεν,
1028 1658 1072 1742 ὡς

55 1784 82 1831 ι
96 1761 279 1835 -άδύνατον
298 1763 385 1833 πολύ
406 1767 463 1831 καὶ
484 1764 572 1851 βαρύ
591 1765 818 1851 στρατόπεδον
837 1763 994 1851 ἐπιούσης
1007 1791 1070 1832 νυ-

89 1863 186 1945 -κτός
211 1867 375 1933 ἐνταυθοῖ
399 1865 569 1950 γενέσθαι.
606 1861 642 1933 ‘0
666 1866 703 1934 δὲ
731 1867 901 1955 Μέμνων,
928 1861 1071 1947 ὁδεύσας

103 1968 209 2038 πέντε
230 1962 367 2052 στάδια,
390 1969 530 2056 ἑσπέρας
553 1971 587 2047 ἐς
607 1976 708 2037 πλοία
728 1977 856 2057 χιλίους
879 1975 1072 2049 διακοσίους

102 2067 312 2159 στρατιύτας
332 2068 514 2157 ἐμβιβάσας
532 2069 694 2159 σύνθημα
714 2078 858 2156 ἔδωκεν,
883 2068 964 2142 όταν
986 2069 1068 2142 άπο-

103 2172 229 2261 βάντες
250 2174 284 2252 ἐς
308 2168 371 2259 τὴν
392 2169 576 2261 άκρόπολιν
590 2178 823 2263 παρέλθωσιν,
846 2165 924 2264 άραι
940 2173 1071 2263 πυρσόν

55 2293 87 2341 ιο
104 2276 162 2344 καὶ
183 2288 253 2354 τοῖς
271 2280 442 2362 πολεμίοις
462 2278 688 2345 ἐπιτίθεσθαι.
741 2276 877 2346 Τούτων
900 2279 1071 2364 πραχθέν-

104 2404 176 2447 των
194 2372 215 2466 ἡ
237 2376 299 2465 μὲν
320 2379 473 2458 ἐπίθεσις
492 2380 530 2447 ἐν
553 2384 601 2471 τῷ
613 2379 722 2470 σκότῳ
743 2379 928 2468 παράδοξος
943 2377 1068 2467 ἐφάνη·

105 2477 124 2550 ό
146 2479 185 2550 δὲ
207 2477 333 2568 πυρσὸς
352 2476 471 2569 άρθεὶς
494 2483 527 2561 ἐς
541 2479 655 2569 φυγὴν
676 2484 834 2569 ἐτρέψατο
848 2479 908 2551 τόν
921 2480 1069 2570 Χάρητα,

105 2579 152 2663 ὥς
177 2586 239 2651 τού
257 2583 437 2670 Μέμνονος
464 2580 547 2670 μετά
572 2582 679 2673 πάσης
706 2589 785 2673 [τῆς]
812 2583 986 2671 δυνάμεως
1007 2582 1070 2673 την
1126 2585 1132 2596 ”

104 2683 290 2772 άκρόπολιν
303 2683 551 2775 κατειληφότος.

65 2816 88 2855 ιε
184 2790 337 2876 Μέμνων
355 2793 640 2878 τετρακισχιλίους
653 2788 854 2876 στρατιώτας
869 2794 970 2877 έχων,
991 2795 1068 2857 Μα-
1087 2803 1104 2854 4

105 2896 247 2978 γνησίας
259 2888 394 2977 άπέχων
412 2890 659 2980 τεσσαράκοντα
679 2891 817 2978 στάδια,
835 2907 940 2978 τεῖχος
955 2888 1069 2979 ἤγειρε

104 2993 221 3085 κύκλῳ
249 2999 308 3063 τού
335 2997 579 3082 στρατοπέδου·
608 3001 826 3082 Παρμενίων
841 2995 896 3063 καὶ
913 2991 1069 3071 ’Ἄτταλος

104 3089 194 3187 ἦσαν
207 3100 245 3165 ἐν
261 3104 445 3188 Μαγνησίᾳ
465 3104 606 3185 μυρίους
626 3103 765 3185 ἔχοντες.
799 3093 1069 3184 Ὀχυρωσάμενος

106 3200 143 3270 δὲ
166 3195 205 3268 τό
226 3198 453 3289 στρατόπεδον
475 3195 659 3287 ὁΜέμνων
679 3199 840 3288 ἐξήγαγεν
861 3194 983 3277 αύτούς
998 3202 1067 3266 διε-

64 3330 88 3371 ιο
104 3303 361 3390 σκευασμένους
374 3305 408 3383 ἐς
426 3299 534 3392 μάχην
555 3299 635 3372 ὅσον
657 3303 713 3371 ἐπὶ
732 3299 852 3370 στάδια
866 3303 957 3371 δέκα.
994 3305 1068 3368 Τόν
1111 3391 1113 3395 ι

104 3406 144 3478 δέ
165 3410 336 3494 πολεμίων
357 3404 659 3496 ἐκβοηθησάντων,
687 3399 872 3492 ὁΜέμνων
888 3399 1066 3491 άνακλητι-
1112 3431 1114 3435 ·

101 3506 166 3582 κόν
179 3506 337 3598 σημήνας
350 3506 572 3599 άνεχεόρησεν
593 3518 673 3578 είσω
687 3512 834 3594 τείχους,
849 3508 905 3576 καὶ
925 3510 960 3575 οί
970 3506 1066 3575 πολέ-

844 3623 881 3682 14
898 3619 916 3657 *
