2318 3892
146 187 208 250 332
535 188 719 247 BIBAION

146 370 229 441 λεως
249 357 441 445 ἀπέβλεπεν
462 360 496 438 ές
517 355 553 427 τὸ
575 344 704 447 πλῆθος
724 362 793 427 τῶν
807 354 1039 448 ὁπλιζομένων
1052 385 1113 429 πο-

147 468 257 532 λιτοΞν.
294 462 439 530 Αἰτωλοὶ
461 463 635 548 παρθένον
656 456 871 549 ὡπλισμένην
891 464 929 530 έκ
942 467 1006 530 τού
1020 467 1114 549 ίερού

147 570 204 655 τῆς
215 562 358 653 Ἀθηνᾶς
378 569 615 652 προελθοῦσαν
636 562 782 651 ἰδόντες,
802 560 910 654 αύτην
929 561 994 653 τὴν
1011 561 1112 653 Ἀθη-

147 672 211 736 νᾶν
225 665 399 756 σύμμαχον
412 664 507 756 ἥκειν
520 670 730 753 Πελληνεῦσι
743 673 940 755 νομίσαντες
952 663 1111 756 άνέστρε-

148 786 230 852 ψαν·
252 776 436 855 Πελληνεῖς
457 771 494 839 δέ
516 766 750 852 ἐπιδιώξαντες
772 765 835 839 ούκ
848 766 985 857 ὀλίγους
998 777 1135 842 Alton-⁵

147 877 216 941 λοδν
228 879 390 941 ἔκτειναν.
962 882 966 887 ’

514 1048 560 1107 θλ).
574 1051 739 1105 ΚΤΝΑΝΗ.

226 1175 368 1264 Κυνάνη
385 1184 557 1245 Φιλίππου
574 1173 728 1264 θυγάτηρ
750 1172 791 1244 τά
803 1173 968 1264 πολεμικά
987 1173 1110 1267 ἤσκησε

149 1281 205 1349 καὶ
218 1281 452 1366 στρατοπέδων
473 1272 584 1365 ἡγεῖτο
603 1279 659 1346 καλ
681 1284 850 1366 πολεμίοις
864 1277 1109 1363 παρετάσσετο·

148 1383 205 1451 καὶ
217 1378 388 1469 Ἰλλυριοῖς
401 1381 696 1470 παρατασσομένη,
710 1379 772 1468 τὴν
785 1379 1036 1468 βασιλεύουσαν
1049 1380 1107 1451 αύ-
1124 1413 1141 1451 ιι

25 1539 26 1542 ¹
149 1490 218 1554 τῶν
244 1490 378 1570 καιρίαν
393 1485 426 1563 ές
444 1480 503 1551 τὸν
522 1479 647 1569 αὐχένα
669 1481 817 1570 πλήξασα
844 1486 1029 1573 κατέβαλε,
1058 1487 1110 1554 καὶ

150 1585 293 1666 πολλούς
304 1592 374 1655 τῶν
384 1583 554 1674 Ἰλλυριῶν
565 1583 752 1673 φεύγοντας
768 1593 901 1656 ἔκτεινε.
928 1589 1112 1676 Γημαμένη

151 1689 188 1759 δὲ
207 1688 351 1782 Ἀμύντα
370 1693 418 1781 τῷ
442 1694 652 1777 Περδίκκου,
679 1690 802 1776 ταχέως
828 1693 949 1758 τούτου
979 1685 1109 1778 άποβα-

150 1796 255 1861 λούσα
275 1789 336 1879 ούχ
358 1788 540 1879 ὑπέμεινεν
560 1787 683 1877 άνδρδς
703 1796 909 1881 πειραθῆναι
936 1793 1111 1882 δευτέρου,

149 1892 233 1963 άλλά
251 1900 331 1982 μίαν
345 1893 657 1981 έχουσαθυγατέρα
676 1895 709 1976 ἐξ
731 1890 895 1981 Ἀμύντου
913 1890 1112 1984 Εὐρυδίκην
1127 1926 1146 1966 ιι

150 1998 206 2066 καὶ
229 1995 354 2085 ταύτην
375 1994 417 2066 τά
438 1993 599 2082 πολεμικά
626 1992 779 2083 ἤσκησεν.
819 1993 1047 2086 Ἀλεξάνδρου
1074 1996 1111 2067 δὲ

151 2101 189 2168 έν
203 2103 384 2186 Βαβυλῶνι
406 2095 664 2184 τελευτησαντος
683 2099 740 2167 καὶ
760 2103 829 2168 τοῖν
845 2099 1013 2188 διαδόχων
1026 2126 1109 2170 νεω-

141 2201 361 2291 τεριζόντων,
403 2199 582 2288 ἐτόλμησεν
613 2195 698 2288 αύτὴ
727 2205 884 2290 διαβῆναι
911 2201 972 2272 τὸν
997 2212 1110 2290 Σιρυ·

151 2303 252 2399 μόνοι·
276 2300 493 2390 Ἀντιπάτρου
522 2302 559 2371 δέ
583 2300 787 2392 κωλύοντος,
816 2306 1003 2394 βιασαμένη
1035 2304 1114 2386 τούς

151 2405 358 2493 κωλύοντας,
385 2403 444 2474 τὸν
472 2400 620 2492 ποταμὸν
640 2409 759 2493 διῆλθε
787 2409 842 2476 καλ
859 2405 937 2487 τούς
955 2406 1146 2497 έμποδύνν

150 2512 369 2598 γιγνομένους
393 2508 689 2596 καταγωνισαμένη
708 2510 803 2598 διέβη
821 2508 881 2579 τὸν
909 2505 1112 2600 Ἑλλήσπον-

151 2638 227 2696 τον,
258 2616 416 2700 συμμῑξαι
447 2614 496 2702 τῷ
531 2608 746 2678 Μακεδόνων
772 2610 995 2701 στρατεύματι
1028 2638 1112 2702 προ·

151 2715 360 2801 θυμουμένη.
394 2711 528 2783 Ἀλκέτα
547 2712 584 2795 δὲ
605 2710 687 2799 μετά
715 2718 772 2801 τῆς
802 2713 976 2803 δυνάμεως
1003 2710 1111 2786 άπαν-
1153 2786 1157 2801 ,

17 2868 19 2872 .
150 2814 326 2903 τήσαντος,
345 2820 379 2882 ολ
389 2813 604 2899 Μακεδόνες,
625 2813 754 2895 ίδόντες
773 2815 835 2906 τὴν
851 2825 1026 2887 Φιλίππου
1047 2830 1111 2888 θυ-

150 2919 274 3006 γατέρα
301 2918 357 2986 καλ
376 2913 528 3003 άδελφην
551 2912 785 3006 Ἀλεξάνδρου,
811 2922 1030 3002 αἰδεσθέντες
1050 2919 1111 3010 τὴν
1125 2948 1157 3013 κ]

150 3019 289 3109 γνοέμην
318 3018 548 3109 μετεβάλοντο.
586 3013 630 3086 Ἡ
663 3020 718 3106 δὲ,
752 3020 812 3090 τὸν
842 3019 1000 3113 Ἀλκέταν
1025 3020 1111 3093 ὄνει-

153 3126 273 3191 δίσασα
308 3127 366 3211 τῆς
393 3119 603 3210 άχαριστίας,
632 3119 709 3190 ούτε
736 3122 773 3191 τὸ
799 3128 929 3213 πλῆθος
954 3128 1026 3194 τῶν
1053 3122 1112 3196 άν-

153 3229 245 3313 δρολν
270 3221 348 3294 ούτε
368 3223 431 3314 τὴν
457 3221 674 3312 παρασκευὴν
692 3229 760 3293 τῶν
777 3222 892 3296 ὅπλων
909 3227 1112 3317 κατεπλάγη,

152 3324 226 3397 ἀλλ’
252 3324 398 3413 εύγενιύς
413 3325 534 3418 ἤνεγκε
557 3323 619 3414 τὴν
636 3325 786 3415 σφαγὴν,
808 3327 973 3399 τεθνάναι
986 3334 1114 3418 μᾶλλον

152 3427 225 3518 ἦτδ
241 3437 413 3500 Φιλίππου
426 3433 522 3518 γένος
536 3426 747 3510 ἐκπεπτωκός
767 3434 825 3519 τῆς
844 3427 947 3521 ἀρχῆς
959 3426 1046 3523 ὁρᾶν
1059 3437 1111 3503 ας.
1127 3456 1146 3498 ς,

153 3534 308 3621 ρουμένη.
