2318 3892
431 186 659 246 TETAPTON.
968 185 1028 248 167

47 358 195 442 δέξατο.
222 359 411 448 Στρατηγοὶ
424 357 598 427 Σελεύκου
604 354 732 445 Ἀχαιὸς
745 354 1029 448 καὶἏνδρόμαχος

10 528 21 539 ,
46 459 149 549 μετά
164 465 288 550 πολλὴς
309 458 484 549 δυνάμεως
502 463 656 530 ἐδίωκον.
689 458 805 549 Πολλὴ
830 460 892 550 μὲν
913 458 1027 531 αὐτῶν

47 565 199 652 ἐγένετο
241 559 263 653 ἡ
297 561 486 653 παράταξις.
549 564 649 642 Τέλος
682 565 827 653 τρωθεὶς
860 561 1026 652 Ἀντίοχος

47 663 255 754 ’ὑποφεύγει
290 666 324 747 ές
357 663 420 754 τὴν
455 661 703 754 ὑπερκειμένην
732 661 923 754 ὑπώρειαν,
956 672 1014 755 τῆς

10 784 19 827 ⁵
52 774 224 859 στρατιᾶς
264 770 302 837 έν
335 763 452 856 δμαλελ
487 768 816 858 στρατοπεδενοόσης
847 764 914 838 ὑπό
955 782 1027 848 ταῖς

57 871 186 959 λαγόσι
198 875 261 940 τοῦ
275 868 390 960 ὄρους·
418 867 534 959 φήμην
555 869 622 958 (δὲ)
644 872 807 942 διέδωκεν
830 867 875 952 ώς
896 867 990 940 Ἀντί
1011 912 1024 924 -

60 1001 123 1064 χος
138 976 179 1044 έν
191 979 232 1062 τῇ
246 971 333 1062 μάχη
353 972 531 1043 πεπτώκοι.
575 978 639 1061 Τὴς
654 974 692 1043 δὲ
706 978 862 1063 στρατιάς
879 971 941 1043 οὐκ
954 969 1025 1054 όλί-

62 1103 130 1165 γον
150 1077 250 1166 μέρος
269 1075 403 1165 νύκτωρ
422 1077 578 1146 έκέλενσε
597 1078 847 1163 καταλαβέσθαι
860 1074 918 1156 τάς
930 1071 1024 1146 ὑπω-

65 1185 169 1269 ρείας.
203 1174 299 1248 Μεθ’
316 1173 444 1267 ἡμέραν
456 1175 664 1268 πρεσβευτάς
682 1184 837 1268 ἔπεμψαν
852 1183 887 1249 οἱ
898 1175 1023 1248 Ἀντιό-

10 1256 42 1343 Ῐ
67 1309 129 1370 χον
142 1285 360 1371 στρατιῶται,
379 1282 579 1372 Φιλέταιρον
592 1277 740 1370 ἡγεμόνα
753 1285 881 1373 Κρὴτα,
895 1280 1024 1351 Διονύ-

68 1405 143 1455 σιον
172 1383 386 1473 Λνσιμαχέα,
415 1378 633 1454 ὑπόσπονδον
664 1379 835 1473 Ἀντιόχου
862 1380 900 1454 τό
930 1387 1026 1472 σώμα

10 1522 13 1544 =
69 1485 275 1575 αἰτούμενοι,
290 1487 347 1555 καί
359 1490 446 1573 σφᾶς
459 1481 581 1567 αὑτοὺς
595 1486 652 1556 καί
664 1485 705 1556 τά
718 1483 805 1557 ὅπλα
819 1485 1025 1576 παραδιδόν-

10 1611 17 1650 ι
69 1615 129 1672 τες.
162 1586 385 1680 Ἀνδρόμαχος
398 1585 531 1658 οὐδέπω
545 1588 609 1677 μὲν
623 1595 688 1678 ἔφη
701 1586 1027 1682 τόἏντιόχονσώμα

10 1706 22 1747 λ
69 1690 252 1783 εὑρῆσθαι,
271 1701 443 1781 ζητεῖσθαι
465 1689 637 1772 πεπτωκός
659 1691 697 1761 δὲ
717 1701 796 1761 είσω
818 1694 856 1760 ἐν
874 1705 943 1770 τοῖς
969 1695 1025 1759 δε-

10 1811 180 1886 ῆςσμοίς·
203 1796 348 1883 πέμψειν
370 1793 407 1863 δέ
428 1792 506 1874 τοὺς
519 1796 819 1884 παραληψομένους
836 1792 878 1862 τά
890 1820 926 1862 τε
940 1789 1027 1861 ὅπλα

63 1901 125 1968 καὶ
145 1896 225 1978 τούς
242 1895 454 1988 στρατιώτας.
494 1887 599 1967 Ἧκον
620 1893 742 1986 άνδρες
761 1899 1027 1986 τετρακισχίλιοι,

63 2000 107 2073 οὗ
122 1997 207 2088 πρός
219 2000 328 2089 μάχην
349 2001 603 2089 ἐσκευασμένοι,
624 1996 709 2069 άλλά
731 1997 814 2088 πρὸς
833 1998 1027 2087 παράληψιν

60 2101 288 2193 αἰχμαλώτων
308 2105 511 2191 ἐσταλμένοι.
547 2091 638 2172 Ἐπεί
664 2101 702 2172 δὲ
730 2098 797 2172 ὑπό
817 2115 889 2182 ταῖς
909 2098 1027 2187 λαγόσι

10 2241 13 2250 ’
60 2212 129 2278 τοῦ
143 2203 427 2295 όρονςέγόνοντο,
448 2202 550 2284 οίτάς
562 2201 732 2296 ὑπωρείας
752 2201 1026 2295 προκαταλαβόν-

10 2318 37 2368 ⁸0
63 2336 139 2395 τες,
157 2305 294 2379 άνοιθεν
307 2308 524 2395 ε’πιχνθέντες
537 2305 645 2376 πολὺν
657 2303 772 2376 αὐτῶν
785 2305 892 2395 φόνον
913 2303 1026 2393 εἰργά-

62 2436 181 2483 σαντο.
219 2408 384 2498 Ἀντίοχος
405 2409 441 2479 δέ
465 2414 574 2497 σχῆμα
592 2407 631 2480 τό
651 2415 824 2497 βασίλειον
848 2404 1028 2495 ἀναλαβών

61 2512 239 2603 ἐπεφάνη,
255 2516 365 2596 δείξας
377 2508 483 2582 αὑτὸν
496 2513 552 2580 καλ
567 2516 673 2597 ζώντα
686 2512 742 2581 καί
754 2515 911 2580 νικώντα.
1084 2498 1088 2511 x

256 2758 295 2814 ιε.
317 2757 379 2828 (ιτ.)
398 2759 589 2814 σιιιιιιιοε
605 2760 839 2813 ΔΗαΗεΡιοα.

147 2925 314 2999 Φίλιππος
322 2914 459 2988 Ῥοδίων
472 2916 571 2989 πόλιν
586 2921 623 2988 έν
636 2923 677 3006 τῇ
691 2923 823 3010 Περαίᾳ
835 2912 1030 3004 Πρινασσὸν
1047 2939 1062 2989 1

10 3038 48 3092 ὶε
66 3021 271 3111 ἐπολιόρκει·
282 3025 351 3090 τών
365 3020 532 3107 δὲτειχών
545 3017 1027 3110 καρτερώνόντων,έπεχείρη-
1054 3046 1058 3052 ·

65 3147 128 3196 σεν
142 3120 356 3212 ὑπορύττειν.
390 3123 522 3211 Πέτρας
539 3121 577 3192 δὲ
591 3120 815 3209 στερεωτάτης
836 3122 874 3188 ἐν
890 3123 931 3207 εὴ
947 3117 1027 3188 διώ-

67 3256 146 3318 ρνχι
167 3232 330 3315 φανείσης
348 3227 493 3304 καὶ-τοίς
506 3232 774 3313 μεταλλευτικοῐς
788 3219 944 3312 ὀργάνοις
963 3249 1026 3310 μη-

67 3333 185 3421 δαμώς
209 3327 380 3416 εἰκούσης,
415 3329 576 3414 ἐκέλευσε,
595 3334 762 3406 Φίλιππος
788 3321 867 3414 μεθ’
901 3319 1029 3413 ἡμέραν

24 3637 28 3641 .
125 3558 208 3627 ,σιμ
225 3556 268 3614 ιε.
304 3560 330 3624 ς.
348 3557 374 3611 ι.
398 3553 511 3626 ιαμ.
526 3554 575 3623 ιο,
595 3553 638 3606 ιι.
