<?xml version="1.0" encoding="UTF-8"?>
<!DOCTYPE html PUBLIC "-//W3C//DTD XHTML 1.0 Transitional//EN"
    "http://www.w3.org/TR/xhtml1/DTD/xhtml1-transitional.dtd">
<html xmlns="http://www.w3.org/1999/xhtml" xml:lang="en" lang="en">
 <head>
  <title>
</title>
<meta http-equiv="Content-Type" content="text/html;charset=utf-8" />
  <meta name='ocr-system' content='tesseract 3.04.00' />
  <meta name='ocr-capabilities' content='ocr_page ocr_carea ocr_par ocr_line ocrx_word'/>
</head>
<body>
  <div class='ocr_page' id='page_1' title='image "./polyaenistrateg00polygoog_0228.png"; bbox 0 0 2318 3892; ppageno 0'>
   <div class='ocr_carea' id='block_1_1' title="bbox 445 195 1118 270">
    <p class='ocr_par' dir='ltr' id='par_1_1' title="bbox 445 195 1118 270">
     <span class='ocr_line' id='line_1_1' title="bbox 445 195 1118 270; baseline 0.007 -6"><span class='ocrx_word' id='word_1_1' title='bbox 445 204 673 268; x_wconf 74' lang='grc' dir='ltr'><strong><em>Τουκοαου.</em></strong></span> <span class='ocrx_word' id='word_1_2' title='bbox 980 207 1039 270; x_wconf 78' lang='lat'><strong><em>139</em></strong></span> <span class='ocrx_word' id='word_1_3' title='bbox 1107 195 1118 218; x_wconf 90' lang='lat'><strong><em>‘</em></strong></span> 
     </span>
    </p>
   </div>
   <div class='ocr_carea' id='block_1_2' title="bbox 55 372 1106 3659">
    <p class='ocr_par' dir='ltr' id='par_1_2' title="bbox 55 372 1085 1287">
     <span class='ocr_line' id='line_1_2' title="bbox 74 372 1038 467; baseline 0.003 -22"><span class='ocrx_word' id='word_1_4' title='bbox 74 377 163 465; x_wconf 71' lang='grc' dir='ltr'><strong><em>μηδὲ</em></strong></span> <span class='ocrx_word' id='word_1_5' title='bbox 176 373 214 447; x_wconf 84' lang='grc' dir='ltr'><strong><em>τό</em></strong></span> <span class='ocrx_word' id='word_1_6' title='bbox 227 381 285 466; x_wconf 77' lang='grc' dir='ltr'><strong><em>τῆς</em></strong></span> <span class='ocrx_word' id='word_1_7' title='bbox 299 372 492 463; x_wconf 77' lang='grc' dir='ltr'><strong><em>ὁδοιπορίας</em></strong></span> <span class='ocrx_word' id='word_1_8' title='bbox 504 375 601 464; x_wconf 89' lang='grc' dir='ltr'><strong><em>τάχος</em></strong></span> <span class='ocrx_word' id='word_1_9' title='bbox 610 375 827 463; x_wconf 75' lang='grc' dir='ltr'><strong><em>διακόψειαν,</em></strong></span> <span class='ocrx_word' id='word_1_10' title='bbox 841 376 901 448; x_wconf 89' lang='grc' dir='ltr'><strong><em>τδν</em></strong></span> <span class='ocrx_word' id='word_1_11' title='bbox 907 377 1038 467; x_wconf 80' lang='grc' dir='ltr'><strong><em>κήρυκα</em></strong></span> 
     </span>
     <span class='ocr_line' id='line_1_3' title="bbox 75 474 1036 568; baseline 0.002 -19"><span class='ocrx_word' id='word_1_12' title='bbox 75 483 255 549; x_wconf 74' lang='grc' dir='ltr'><strong><em>ἐκέλευσεν</em></strong></span> <span class='ocrx_word' id='word_1_13' title='bbox 269 485 395 565; x_wconf 79' lang='grc' dir='ltr'><strong><em>εἰπεῖν,</em></strong></span> <span class='ocrx_word' id='word_1_14' title='bbox 405 474 424 502; x_wconf 83' lang='grc'><strong><em>“</em></strong></span> <span class='ocrx_word' id='word_1_15' title='bbox 436 476 654 568; x_wconf 78' lang='grc' dir='ltr'><strong><em>Ἀπεχούμεδα</em></strong></span> <span class='ocrx_word' id='word_1_16' title='bbox 666 484 728 549; x_wconf 88' lang='grc' dir='ltr'><strong><em>τοῦ</em></strong></span> <span class='ocrx_word' id='word_1_17' title='bbox 744 487 911 567; x_wconf 79' lang='grc' dir='ltr'><strong><em>ποταμοῦ·</em></strong></span> <span class='ocrx_word' id='word_1_18' title='bbox 925 492 1036 551; x_wconf 75' lang='grc' dir='ltr'><strong><em>βανα-</em></strong></span> 
     </span>
     <span class='ocr_line' id='line_1_4' title="bbox 73 577 1037 672; baseline 0.002 -20"><span class='ocrx_word' id='word_1_19' title='bbox 73 587 182 661; x_wconf 83' lang='grc' dir='ltr'><strong><em>τῶδες</em></strong></span> <span class='ocrx_word' id='word_1_20' title='bbox 197 580 313 669; x_wconf 81' lang='grc' dir='ltr'><strong><em>ἔχειτὰ</em></strong></span> <span class='ocrx_word' id='word_1_21' title='bbox 326 578 454 670; x_wconf 84' lang='grc' dir='ltr'><strong><em>ῦδωρ.”</em></strong></span> <span class='ocrx_word' id='word_1_22' title='bbox 491 587 537 651; x_wconf 88' lang='grc' dir='ltr'><strong><em>Οί</em></strong></span> <span class='ocrx_word' id='word_1_23' title='bbox 546 582 609 671; x_wconf 77' lang='grc' dir='ltr'><strong><em>μέν</em></strong></span> <span class='ocrx_word' id='word_1_24' title='bbox 626 577 836 672; x_wconf 72' lang='grc' dir='ltr'><strong><em>φοβηθέντες</em></strong></span> <span class='ocrx_word' id='word_1_25' title='bbox 854 581 1037 672; x_wconf 80' lang='grc' dir='ltr'><strong><em>ἀπέσχοντο</em></strong></span> 
     </span>
     <span class='ocr_line' id='line_1_5' title="bbox 73 681 1038 775; baseline 0.002 -21"><span class='ocrx_word' id='word_1_26' title='bbox 73 687 132 754; x_wconf 81' lang='grc' dir='ltr'><strong><em>καὶ</em></strong></span> <span class='ocrx_word' id='word_1_27' title='bbox 152 682 214 772; x_wconf 78' lang='grc' dir='ltr'><strong><em>τὴν</em></strong></span> <span class='ocrx_word' id='word_1_28' title='bbox 235 681 317 754; x_wconf 84' lang='grc' dir='ltr'><strong><em>ὁδόν</em></strong></span> <span class='ocrx_word' id='word_1_29' title='bbox 344 687 564 771; x_wconf 81' lang='grc' dir='ltr'><strong><em>ἐπετάχυνον·</em></strong></span> <span class='ocrx_word' id='word_1_30' title='bbox 583 681 796 775; x_wconf 78' lang='grc' dir='ltr'><strong><em>Ἀλέξανδρος</em></strong></span> <span class='ocrx_word' id='word_1_31' title='bbox 814 685 854 755; x_wconf 73' lang='grc' dir='ltr'><strong><em>δέ</em></strong></span> <span class='ocrx_word' id='word_1_32' title='bbox 877 686 1038 766; x_wconf 78' lang='grc' dir='ltr'><strong><em>διανύσας</em></strong></span> 
     </span>
     <span class='ocr_line' id='line_1_6' title="bbox 55 784 1037 881; baseline 0.002 -25"><span class='ocrx_word' id='word_1_33' title='bbox 55 788 133 856; x_wconf 44' lang='grc' dir='ltr'><strong><em>Ὶκαὶ</em></strong></span> <span class='ocrx_word' id='word_1_34' title='bbox 151 786 456 875; x_wconf 88' lang='grc' dir='ltr'><strong><em>στρατοπεδεύσας,</em></strong></span> <span class='ocrx_word' id='word_1_35' title='bbox 477 784 576 869; x_wconf 76' lang='grc' dir='ltr'><strong><em>αὐτὸς</em></strong></span> <span class='ocrx_word' id='word_1_36' title='bbox 594 785 677 875; x_wconf 88' lang='grc' dir='ltr'><strong><em>μετά</em></strong></span> <span class='ocrx_word' id='word_1_37' title='bbox 690 793 758 858; x_wconf 89' lang='grc' dir='ltr'><strong><em>τῶν</em></strong></span> <span class='ocrx_word' id='word_1_38' title='bbox 778 784 954 881; x_wconf 77' lang='grc' dir='ltr'><strong><em>ἡγεμόνοιν</em></strong></span> <span class='ocrx_word' id='word_1_39' title='bbox 970 785 1037 858; x_wconf 89' lang='grc' dir='ltr'><strong><em>ἀπδ</em></strong></span> 
     </span>
     <span class='ocr_line' id='line_1_7' title="bbox 71 889 1035 979; baseline 0 -20"><span class='ocrx_word' id='word_1_40' title='bbox 71 895 137 959; x_wconf 86' lang='grc' dir='ltr'><strong><em>τοῦ</em></strong></span> <span class='ocrx_word' id='word_1_41' title='bbox 150 895 302 977; x_wconf 84' lang='grc' dir='ltr'><strong><em>ποταμοῦ</em></strong></span> <span class='ocrx_word' id='word_1_42' title='bbox 317 894 473 978; x_wconf 75' lang='grc' dir='ltr'><strong><em>φανερῶς</em></strong></span> <span class='ocrx_word' id='word_1_43' title='bbox 482 895 587 959; x_wconf 85' lang='grc' dir='ltr'><strong><em>έπιεν.</em></strong></span> <span class='ocrx_word' id='word_1_44' title='bbox 608 889 815 971; x_wconf 81' lang='grc' dir='ltr'><strong><em>Γελάσαντες</em></strong></span> <span class='ocrx_word' id='word_1_45' title='bbox 828 896 863 961; x_wconf 87' lang='grc' dir='ltr'><strong><em>οί</em></strong></span> <span class='ocrx_word' id='word_1_46' title='bbox 872 895 1035 979; x_wconf 85' lang='grc' dir='ltr'><strong><em>στρατιῶ-</em></strong></span> 
     </span>
     <span class='ocr_line' id='line_1_8' title="bbox 72 989 1037 1082; baseline 0.001 -20"><span class='ocrx_word' id='word_1_47' title='bbox 72 1021 130 1062; x_wconf 89' lang='grc' dir='ltr'><strong><em>ται</em></strong></span> <span class='ocrx_word' id='word_1_48' title='bbox 159 992 215 1060; x_wconf 81' lang='grc' dir='ltr'><strong><em>καὶ</em></strong></span> <span class='ocrx_word' id='word_1_49' title='bbox 243 990 304 1080; x_wconf 81' lang='grc' dir='ltr'><strong><em>τὴν</em></strong></span> <span class='ocrx_word' id='word_1_50' title='bbox 335 997 447 1061; x_wconf 77' lang='grc' dir='ltr'><strong><em>αἰτίαν</em></strong></span> <span class='ocrx_word' id='word_1_51' title='bbox 465 997 523 1080; x_wconf 80' lang='grc' dir='ltr'><strong><em>τῆς</em></strong></span> <span class='ocrx_word' id='word_1_52' title='bbox 551 989 680 1080; x_wconf 87' lang='grc' dir='ltr'><strong><em>ἀπάτης</em></strong></span> <span class='ocrx_word' id='word_1_53' title='bbox 701 992 900 1082; x_wconf 82' lang='grc' dir='ltr'><strong><em>νοήσαντες,</em></strong></span> <span class='ocrx_word' id='word_1_54' title='bbox 929 991 1037 1073; x_wconf 80' lang='grc' dir='ltr'><strong><em>ἀδεῶς</em></strong></span> 
     </span>
     <span class='ocr_line' id='line_1_9' title="bbox 70 1091 720 1184; baseline 0 -20"><span class='ocrx_word' id='word_1_55' title='bbox 70 1091 283 1184; x_wconf 83' lang='grc' dir='ltr'><strong><em>ῦδρεάσαντο</em></strong></span> <span class='ocrx_word' id='word_1_56' title='bbox 297 1098 333 1163; x_wconf 89' lang='grc' dir='ltr'><strong><em>έκ</em></strong></span> <span class='ocrx_word' id='word_1_57' title='bbox 347 1100 408 1165; x_wconf 92' lang='grc' dir='ltr'><strong><em>τοῦ</em></strong></span> <span class='ocrx_word' id='word_1_58' title='bbox 423 1099 574 1183; x_wconf 79' lang='grc' dir='ltr'><strong><em>ποταμοῦ</em></strong></span> <span class='ocrx_word' id='word_1_59' title='bbox 587 1093 720 1175; x_wconf 83' lang='grc' dir='ltr'><strong><em>πάντες.</em></strong></span> 
     </span>
     <span class='ocr_line' id='line_1_10' title="bbox 147 1194 1085 1287; baseline 0.005 -21"><span class='ocrx_word' id='word_1_60' title='bbox 147 1194 363 1287; x_wconf 82' lang='grc' dir='ltr'><strong><em>Ἀλέξανδρος</em></strong></span> <span class='ocrx_word' id='word_1_61' title='bbox 379 1200 537 1284; x_wconf 80' lang='grc' dir='ltr'><strong><em>ἐνέβαλεν</em></strong></span> <span class='ocrx_word' id='word_1_62' title='bbox 551 1202 598 1277; x_wconf 83' lang='grc' dir='ltr'><strong><em>είς</em></strong></span> <span class='ocrx_word' id='word_1_63' title='bbox 615 1195 679 1286; x_wconf 80' lang='grc' dir='ltr'><strong><em>τὴν</em></strong></span> <span class='ocrx_word' id='word_1_64' title='bbox 691 1203 895 1286; x_wconf 72' lang='grc' dir='ltr'><strong><em>Σογδιανῶν</em></strong></span> <span class='ocrx_word' id='word_1_65' title='bbox 909 1196 1032 1286; x_wconf 82' lang='grc' dir='ltr'><strong><em>χῶραν.</em></strong></span> <span class='ocrx_word' id='word_1_66' title='bbox 1051 1217 1085 1271; x_wconf 77' lang='lat'><strong><em>29</em></strong></span> 
     </span>
    </p>

    <p class='ocr_par' dir='ltr' id='par_1_3' title="bbox 55 1295 1106 3659">
     <span class='ocr_line' id='line_1_11' title="bbox 55 1295 1035 1390; baseline 0.006 -27"><span class='ocrx_word' id='word_1_67' title='bbox 55 1295 111 1368; x_wconf 71' lang='grc' dir='ltr'><strong><em>»Ἡ</em></strong></span> <span class='ocrx_word' id='word_1_68' title='bbox 122 1302 162 1368; x_wconf 85' lang='grc' dir='ltr'><strong><em>δέ</em></strong></span> <span class='ocrx_word' id='word_1_69' title='bbox 170 1304 240 1369; x_wconf 82' lang='grc' dir='ltr'><strong><em>ἐστι</em></strong></span> <span class='ocrx_word' id='word_1_70' title='bbox 255 1305 346 1370; x_wconf 84' lang='grc' dir='ltr'><strong><em>πᾶσα</em></strong></span> <span class='ocrx_word' id='word_1_71' title='bbox 358 1315 495 1386; x_wconf 79' lang='grc' dir='ltr'><strong><em>τραχεῖα</em></strong></span> <span class='ocrx_word' id='word_1_72' title='bbox 509 1303 565 1370; x_wconf 85' lang='grc' dir='ltr'><strong><em>κοδ</em></strong></span> <span class='ocrx_word' id='word_1_73' title='bbox 580 1300 761 1390; x_wconf 90' lang='grc' dir='ltr'><strong><em>δύσβατος·</em></strong></span> <span class='ocrx_word' id='word_1_74' title='bbox 781 1303 885 1388; x_wconf 91' lang='grc' dir='ltr'><strong><em>πέτρα</em></strong></span> <span class='ocrx_word' id='word_1_75' title='bbox 896 1301 937 1370; x_wconf 75' lang='grc' dir='ltr'><strong><em>’δὲ</em></strong></span> <span class='ocrx_word' id='word_1_76' title='bbox 950 1298 1035 1370; x_wconf 81' lang='grc' dir='ltr'><strong><em>κατά</em></strong></span> 
     </span>
     <span class='ocr_line' id='line_1_12' title="bbox 73 1399 1033 1492; baseline 0 -20"><span class='ocrx_word' id='word_1_77' title='bbox 73 1404 179 1490; x_wconf 89' lang='grc' dir='ltr'><strong><em>μέσην</em></strong></span> <span class='ocrx_word' id='word_1_78' title='bbox 192 1400 360 1473; x_wconf 88' lang='grc' dir='ltr'><strong><em>ἀνατείνει</em></strong></span> <span class='ocrx_word' id='word_1_79' title='bbox 374 1399 527 1488; x_wconf 75' lang='grc' dir='ltr'><strong><em>ὀρνίθων</em></strong></span> <span class='ocrx_word' id='word_1_80' title='bbox 544 1418 613 1483; x_wconf 76' lang='grc' dir='ltr'><strong><em>τοῖς</em></strong></span> <span class='ocrx_word' id='word_1_81' title='bbox 626 1418 763 1492; x_wconf 79' lang='grc' dir='ltr'><strong><em>πτηνοῖς</em></strong></span> <span class='ocrx_word' id='word_1_82' title='bbox 781 1403 920 1492; x_wconf 91' lang='grc' dir='ltr'><strong><em>[μόνοις]</em></strong></span> <span class='ocrx_word' id='word_1_83' title='bbox 938 1403 1033 1490; x_wconf 91' lang='grc' dir='ltr'><strong><em>βάσι-</em></strong></span> 
     </span>
     <span class='ocr_line' id='line_1_13' title="bbox 73 1491 1034 1599; baseline 0.002 -25"><span class='ocrx_word' id='word_1_84' title='bbox 73 1525 151 1590; x_wconf 87' lang='grc' dir='ltr'><strong><em>μος·</em></strong></span> <span class='ocrx_word' id='word_1_85' title='bbox 166 1509 204 1575; x_wconf 87' lang='grc' dir='ltr'><strong><em>έν</em></strong></span> <span class='ocrx_word' id='word_1_86' title='bbox 217 1506 332 1599; x_wconf 78' lang='grc' dir='ltr'><strong><em>κύκλῳ</em></strong></span> <span class='ocrx_word' id='word_1_87' title='bbox 346 1505 384 1575; x_wconf 73' lang='grc' dir='ltr'><strong><em>δὲ</em></strong></span> <span class='ocrx_word' id='word_1_88' title='bbox 397 1502 461 1594; x_wconf 86' lang='grc' dir='ltr'><strong><em>ῦλη</em></strong></span> <span class='ocrx_word' id='word_1_89' title='bbox 474 1510 592 1575; x_wconf 82' lang='grc' dir='ltr'><strong><em>δασεῖα</em></strong></span> <span class='ocrx_word' id='word_1_90' title='bbox 601 1507 659 1576; x_wconf 85' lang='grc' dir='ltr'><strong><em>καὶ</em></strong></span> <span class='ocrx_word' id='word_1_91' title='bbox 672 1504 784 1594; x_wconf 81' lang='grc' dir='ltr'><strong><em>πυκνὴ</em></strong></span> <span class='ocrx_word' id='word_1_92' title='bbox 797 1504 876 1585; x_wconf 89' lang='grc' dir='ltr'><strong><em>τοῦς</em></strong></span> <span class='ocrx_word' id='word_1_93' title='bbox 888 1491 1034 1592; x_wconf 85' lang='grc' dir='ltr'><strong><em>ἀβάτους</em></strong></span> 
     </span>
     <span class='ocr_line' id='line_1_14' title="bbox 72 1605 1032 1697; baseline 0 -21"><span class='ocrx_word' id='word_1_94' title='bbox 72 1605 242 1694; x_wconf 82' lang='grc' dir='ltr'><strong><em>κρημνούς</em></strong></span> <span class='ocrx_word' id='word_1_95' title='bbox 254 1605 484 1697; x_wconf 83' lang='grc' dir='ltr'><strong><em>ἀβατοιτέρους</em></strong></span> <span class='ocrx_word' id='word_1_96' title='bbox 501 1607 676 1697; x_wconf 77' lang='grc' dir='ltr'><strong><em>εἰργάζετο.</em></strong></span> <span class='ocrx_word' id='word_1_97' title='bbox 706 1607 777 1696; x_wconf 81' lang='grc' dir='ltr'><strong><em>Την</em></strong></span> <span class='ocrx_word' id='word_1_98' title='bbox 790 1611 915 1693; x_wconf 90' lang='grc' dir='ltr'><strong><em>πέτραν</em></strong></span> <span class='ocrx_word' id='word_1_99' title='bbox 924 1605 1032 1697; x_wconf 91' lang='grc' dir='ltr'><strong><em>’Λριο-</em></strong></span> 
     </span>
     <span class='ocr_line' id='line_1_15' title="bbox 71 1708 1033 1800; baseline 0 -22"><span class='ocrx_word' id='word_1_100' title='bbox 71 1709 173 1796; x_wconf 77' lang='grc' dir='ltr'><strong><em>μάζης</em></strong></span> <span class='ocrx_word' id='word_1_101' title='bbox 194 1709 276 1798; x_wconf 84' lang='grc' dir='ltr'><strong><em>μετὰ</em></strong></span> <span class='ocrx_word' id='word_1_102' title='bbox 296 1716 421 1798; x_wconf 80' lang='grc' dir='ltr'><strong><em>πολλῆς</em></strong></span> <span class='ocrx_word' id='word_1_103' title='bbox 443 1708 553 1799; x_wconf 83' lang='grc' dir='ltr'><strong><em>χειρὸς</em></strong></span> <span class='ocrx_word' id='word_1_104' title='bbox 577 1712 633 1779; x_wconf 79' lang='grc' dir='ltr'><strong><em>καὶ</em></strong></span> <span class='ocrx_word' id='word_1_105' title='bbox 652 1716 815 1800; x_wconf 82' lang='grc' dir='ltr'><strong><em>καρτερῶς</em></strong></span> <span class='ocrx_word' id='word_1_106' title='bbox 831 1714 1033 1796; x_wconf 81' lang='grc' dir='ltr'><strong><em>Σογδιανῶν</em></strong></span> 
     </span>
     <span class='ocr_line' id='line_1_16' title="bbox 70 1810 1032 1901; baseline -0.002 -19"><span class='ocrx_word' id='word_1_107' title='bbox 70 1813 290 1901; x_wconf 77' lang='grc' dir='ltr'><strong><em>κατελάβετο,</em></strong></span> <span class='ocrx_word' id='word_1_108' title='bbox 321 1810 430 1901; x_wconf 82' lang='grc' dir='ltr'><strong><em>πηγὰς</em></strong></span> <span class='ocrx_word' id='word_1_109' title='bbox 454 1810 578 1892; x_wconf 85' lang='grc' dir='ltr'><strong><em>ῦδατος</em></strong></span> <span class='ocrx_word' id='word_1_110' title='bbox 603 1819 689 1899; x_wconf 81' lang='grc' dir='ltr'><strong><em>ἔχων</em></strong></span> <span class='ocrx_word' id='word_1_111' title='bbox 719 1819 821 1882; x_wconf 79' lang='grc' dir='ltr'><strong><em>ἔνδον</em></strong></span> <span class='ocrx_word' id='word_1_112' title='bbox 847 1813 904 1881; x_wconf 79' lang='grc' dir='ltr'><strong><em>καὶ</em></strong></span> <span class='ocrx_word' id='word_1_113' title='bbox 923 1838 1032 1898; x_wconf 89' lang='grc' dir='ltr'><strong><em>παρα-</em></strong></span> 
     </span>
     <span class='ocr_line' id='line_1_17' title="bbox 68 1913 1031 2004; baseline -0.002 -18"><span class='ocrx_word' id='word_1_114' title='bbox 68 1913 199 2004; x_wconf 75' lang='grc' dir='ltr'><strong><em>σκευὴν</em></strong></span> <span class='ocrx_word' id='word_1_115' title='bbox 220 1922 338 1985; x_wconf 87' lang='grc' dir='ltr'><strong><em>σιτίοιν</em></strong></span> <span class='ocrx_word' id='word_1_116' title='bbox 363 1913 531 2004; x_wconf 75' lang='grc' dir='ltr'><strong><em>ἀφθονον.</em></strong></span> <span class='ocrx_word' id='word_1_117' title='bbox 562 1913 779 2004; x_wconf 76' lang='grc' dir='ltr'><strong><em>Ἀλέξανδρος</em></strong></span> <span class='ocrx_word' id='word_1_118' title='bbox 805 1915 1031 2002; x_wconf 87' lang='grc' dir='ltr'><strong><em>περιιππασά·</em></strong></span> 
     </span>
     <span class='ocr_line' id='line_1_18' title="bbox 66 2016 1031 2107; baseline 0 -19"><span class='ocrx_word' id='word_1_119' title='bbox 66 2046 171 2107; x_wconf 87' lang='grc' dir='ltr'><strong><em>μενος</em></strong></span> <span class='ocrx_word' id='word_1_120' title='bbox 191 2021 248 2089; x_wconf 85' lang='grc' dir='ltr'><strong><em>καὶ</em></strong></span> <span class='ocrx_word' id='word_1_121' title='bbox 267 2016 476 2106; x_wconf 81' lang='grc' dir='ltr'><strong><em>καταμαθῶν</em></strong></span> <span class='ocrx_word' id='word_1_122' title='bbox 492 2016 551 2099; x_wconf 86' lang='grc' dir='ltr'><strong><em>τάς</em></strong></span> <span class='ocrx_word' id='word_1_123' title='bbox 572 2018 693 2106; x_wconf 88' lang='grc' dir='ltr'><strong><em>φύσεις</em></strong></span> <span class='ocrx_word' id='word_1_124' title='bbox 714 2023 771 2107; x_wconf 80' lang='grc' dir='ltr'><strong><em>τῆς</em></strong></span> <span class='ocrx_word' id='word_1_125' title='bbox 791 2020 930 2106; x_wconf 82' lang='grc' dir='ltr'><strong><em>πέτρας,</em></strong></span> <span class='ocrx_word' id='word_1_126' title='bbox 958 2019 1031 2088; x_wconf 76' lang='grc' dir='ltr'><strong><em>ἐκέ-</em></strong></span> 
     </span>
     <span class='ocr_line' id='line_1_19' title="bbox 66 2110 1033 2210; baseline -0.001 -19"><span class='ocrx_word' id='word_1_127' title='bbox 66 2130 172 2192; x_wconf 86' lang='grc' dir='ltr'><strong><em>λευσε</em></strong></span> <span class='ocrx_word' id='word_1_128' title='bbox 196 2110 408 2210; x_wconf 81' lang='grc' dir='ltr'><strong><em>τριακοσίοῦς</em></strong></span> <span class='ocrx_word' id='word_1_129' title='bbox 427 2121 571 2209; x_wconf 77' lang='grc' dir='ltr'><strong><em>λογάδας</em></strong></span> <span class='ocrx_word' id='word_1_130' title='bbox 591 2128 745 2208; x_wconf 88' lang='grc' dir='ltr'><strong><em>νεανίας,</em></strong></span> <span class='ocrx_word' id='word_1_131' title='bbox 768 2117 818 2201; x_wconf 80' lang='grc' dir='ltr'><strong><em>οἷς</em></strong></span> <span class='ocrx_word' id='word_1_132' title='bbox 837 2113 880 2210; x_wconf 81' lang='grc' dir='ltr'><strong><em>ἦν</em></strong></span> <span class='ocrx_word' id='word_1_133' title='bbox 895 2118 1033 2208; x_wconf 87' lang='grc' dir='ltr'><strong><em>ἀσκησις</em></strong></span> 
     </span>
     <span class='ocr_line' id='line_1_20' title="bbox 65 2222 1033 2318; baseline -0.003 -25"><span class='ocrx_word' id='word_1_134' title='bbox 65 2224 126 2293; x_wconf 77' lang='grc' dir='ltr'><strong><em>καί</em></strong></span> <span class='ocrx_word' id='word_1_135' title='bbox 139 2226 238 2318; x_wconf 83' lang='grc' dir='ltr'><strong><em>τέχνη</em></strong></span> <span class='ocrx_word' id='word_1_136' title='bbox 252 2232 513 2314; x_wconf 79' lang='grc' dir='ltr'><strong><em>κρημνοβμτεῖν,</em></strong></span> <span class='ocrx_word' id='word_1_137' title='bbox 527 2222 672 2304; x_wconf 86' lang='grc' dir='ltr'><strong><em>ἀόπλους</em></strong></span> <span class='ocrx_word' id='word_1_138' title='bbox 684 2222 826 2294; x_wconf 88' lang='grc' dir='ltr'><strong><em>κατόπιν</em></strong></span> <span class='ocrx_word' id='word_1_139' title='bbox 838 2229 898 2312; x_wconf 81' lang='grc' dir='ltr'><strong><em>της</em></strong></span> <span class='ocrx_word' id='word_1_140' title='bbox 910 2225 1033 2311; x_wconf 87' lang='grc' dir='ltr'><strong><em>πέτρας</em></strong></span> 
     </span>
     <span class='ocr_line' id='line_1_21' title="bbox 69 2322 1032 2415; baseline -0.001 -19"><span class='ocrx_word' id='word_1_141' title='bbox 69 2324 129 2396; x_wconf 86' lang='grc' dir='ltr'><strong><em>διά</em></strong></span> <span class='ocrx_word' id='word_1_142' title='bbox 147 2333 276 2415; x_wconf 77' lang='grc' dir='ltr'><strong><em>πυκνῆς</em></strong></span> <span class='ocrx_word' id='word_1_143' title='bbox 289 2323 372 2414; x_wconf 86' lang='grc' dir='ltr'><strong><em>ῦλης</em></strong></span> <span class='ocrx_word' id='word_1_144' title='bbox 390 2324 551 2415; x_wconf 84' lang='grc' dir='ltr'><strong><em>ἀνέρπειν</em></strong></span> <span class='ocrx_word' id='word_1_145' title='bbox 564 2328 621 2396; x_wconf 82' lang='grc' dir='ltr'><strong><em>καὶ</em></strong></span> <span class='ocrx_word' id='word_1_146' title='bbox 635 2336 768 2406; x_wconf 79' lang='grc' dir='ltr'><strong><em>λεπτοῖς</em></strong></span> <span class='ocrx_word' id='word_1_147' title='bbox 780 2325 896 2405; x_wconf 89' lang='grc' dir='ltr'><strong><em>κάλοις</em></strong></span> <span class='ocrx_word' id='word_1_148' title='bbox 908 2322 1032 2411; x_wconf 87' lang='grc' dir='ltr'><strong><em>ἀνιμάν</em></strong></span> 
     </span>
     <span class='ocr_line' id='line_1_22' title="bbox 68 2427 1031 2518; baseline -0.003 -21"><span class='ocrx_word' id='word_1_149' title='bbox 68 2427 255 2518; x_wconf 78' lang='grc' dir='ltr'><strong><em>ἀλλήλους·</em></strong></span> <span class='ocrx_word' id='word_1_150' title='bbox 293 2427 434 2499; x_wconf 84' lang='grc' dir='ltr'><strong><em>έπειδάν</em></strong></span> <span class='ocrx_word' id='word_1_151' title='bbox 460 2429 498 2498; x_wconf 76' lang='grc' dir='ltr'><strong><em>δέ</em></strong></span> <span class='ocrx_word' id='word_1_152' title='bbox 523 2436 593 2498; x_wconf 92' lang='grc' dir='ltr'><strong><em>τῶν</em></strong></span> <span class='ocrx_word' id='word_1_153' title='bbox 618 2434 781 2516; x_wconf 85' lang='grc' dir='ltr'><strong><em>κορυφῶν</em></strong></span> <span class='ocrx_word' id='word_1_154' title='bbox 808 2427 1031 2516; x_wconf 75' lang='grc' dir='ltr'><strong><em>κρατήσασιν,</em></strong></span> 
     </span>
     <span class='ocr_line' id='line_1_23' title="bbox 67 2526 1031 2618; baseline -0.003 -18"><span class='ocrx_word' id='word_1_155' title='bbox 67 2531 176 2614; x_wconf 83' lang='grc' dir='ltr'><strong><em>ζῶνας</em></strong></span> <span class='ocrx_word' id='word_1_156' title='bbox 189 2529 328 2616; x_wconf 82' lang='grc' dir='ltr'><strong><em>λευκάς,</em></strong></span> <span class='ocrx_word' id='word_1_157' title='bbox 343 2527 382 2612; x_wconf 82' lang='grc' dir='ltr'><strong><em>ἀς</em></strong></span> <span class='ocrx_word' id='word_1_158' title='bbox 396 2530 502 2618; x_wconf 82' lang='grc' dir='ltr'><strong><em>εἶχον,</em></strong></span> <span class='ocrx_word' id='word_1_159' title='bbox 527 2533 753 2618; x_wconf 88' lang='grc' dir='ltr'><strong><em>λυσαμένους,</em></strong></span> <span class='ocrx_word' id='word_1_160' title='bbox 777 2544 908 2608; x_wconf 76' lang='grc' dir='ltr'><strong><em>κοντοῖς</em></strong></span> <span class='ocrx_word' id='word_1_161' title='bbox 928 2526 1031 2618; x_wconf 80' lang='grc' dir='ltr'><strong><em>εῦμη-</em></strong></span> 
     </span>
     <span class='ocr_line' id='line_1_24' title="bbox 66 2629 1031 2728; baseline -0.001 -26"><span class='ocrx_word' id='word_1_162' title='bbox 66 2654 144 2704; x_wconf 86' lang='grc' dir='ltr'><strong><em>κεσι</em></strong></span> <span class='ocrx_word' id='word_1_163' title='bbox 158 2634 320 2722; x_wconf 80' lang='grc' dir='ltr'><strong><em>περιάψαι</em></strong></span> <span class='ocrx_word' id='word_1_164' title='bbox 333 2636 391 2703; x_wconf 78' lang='grc' dir='ltr'><strong><em>καὶ</em></strong></span> <span class='ocrx_word' id='word_1_165' title='bbox 405 2631 543 2717; x_wconf 81' lang='grc' dir='ltr'><strong><em>τούτους</em></strong></span> <span class='ocrx_word' id='word_1_166' title='bbox 555 2630 714 2728; x_wconf 31' lang='grc' dir='ltr'><strong><em>ῦπδροτηυ</em></strong></span> <span class='ocrx_word' id='word_1_167' title='bbox 727 2629 815 2720; x_wconf 87' lang='grc' dir='ltr'><strong><em>ῦλην</em></strong></span> <span class='ocrx_word' id='word_1_168' title='bbox 829 2629 1031 2718; x_wconf 86' lang='grc' dir='ltr'><strong><em>ἀνατείνειν,</em></strong></span> 
     </span>
     <span class='ocr_line' id='line_1_25' title="bbox 68 2731 1030 2824; baseline -0.002 -18"><span class='ocrx_word' id='word_1_169' title='bbox 68 2734 156 2806; x_wconf 77' lang='grc' dir='ltr'><strong><em>ὥστε</em></strong></span> <span class='ocrx_word' id='word_1_170' title='bbox 171 2733 298 2822; x_wconf 75' lang='grc' dir='ltr'><strong><em>ἀθρόας</em></strong></span> <span class='ocrx_word' id='word_1_171' title='bbox 312 2739 368 2806; x_wconf 81' lang='grc' dir='ltr'><strong><em>καὶ</em></strong></span> <span class='ocrx_word' id='word_1_172' title='bbox 382 2734 535 2824; x_wconf 85' lang='grc' dir='ltr'><strong><em>λαμπράς</em></strong></span> <span class='ocrx_word' id='word_1_173' title='bbox 548 2734 606 2816; x_wconf 87' lang='grc' dir='ltr'><strong><em>τάς</em></strong></span> <span class='ocrx_word' id='word_1_174' title='bbox 618 2731 724 2819; x_wconf 79' lang='grc' dir='ltr'><strong><em>ζῶνας</em></strong></span> <span class='ocrx_word' id='word_1_175' title='bbox 740 2737 795 2806; x_wconf 82' lang='grc' dir='ltr'><strong><em>έπὶ</em></strong></span> <span class='ocrx_word' id='word_1_176' title='bbox 808 2745 966 2806; x_wconf 74' lang='grc' dir='ltr'><strong><em>πλεῖστον</em></strong></span> <span class='ocrx_word' id='word_1_177' title='bbox 979 2763 1030 2804; x_wconf 86' lang='grc' dir='ltr'><strong><em>τι·</em></strong></span> 
     </span>
     <span class='ocr_line' id='line_1_26' title="bbox 67 2833 1106 2928; baseline -0.003 -19"><span class='ocrx_word' id='word_1_178' title='bbox 67 2842 278 2927; x_wconf 86' lang='grc' dir='ltr'><strong><em>νασσομένας</em></strong></span> <span class='ocrx_word' id='word_1_179' title='bbox 303 2842 359 2909; x_wconf 79' lang='grc' dir='ltr'><strong><em>καὶ</em></strong></span> <span class='ocrx_word' id='word_1_180' title='bbox 385 2853 455 2920; x_wconf 76' lang='grc' dir='ltr'><strong><em>τοῖς</em></strong></span> <span class='ocrx_word' id='word_1_181' title='bbox 472 2836 544 2909; x_wconf 84' lang='grc' dir='ltr'><strong><em>ἀνα</em></strong></span> <span class='ocrx_word' id='word_1_182' title='bbox 571 2835 753 2928; x_wconf 87' lang='grc' dir='ltr'><strong><em>βαρβάροις</em></strong></span> <span class='ocrx_word' id='word_1_183' title='bbox 776 2840 921 2919; x_wconf 72' lang='grc' dir='ltr'><strong><em>καὶτοῖς</em></strong></span> <span class='ocrx_word' id='word_1_184' title='bbox 940 2837 1031 2907; x_wconf 86' lang='grc' dir='ltr'><strong><em>κάτω</em></strong></span> <span class='ocrx_word' id='word_1_185' title='bbox 1102 2833 1106 2842; x_wconf 77' lang='grc'><strong>’</strong></span> 
     </span>
     <span class='ocr_line' id='line_1_27' title="bbox 68 2938 1030 3031; baseline -0.002 -21"><span class='ocrx_word' id='word_1_186' title='bbox 68 2941 268 3013; x_wconf 84' lang='grc' dir='ltr'><strong><em>Μακεδόσιν</em></strong></span> <span class='ocrx_word' id='word_1_187' title='bbox 281 2939 437 3030; x_wconf 79' lang='grc' dir='ltr'><strong><em>ὁρᾶσθαι.</em></strong></span> <span class='ocrx_word' id='word_1_188' title='bbox 460 2947 507 3012; x_wconf 66' lang='lat' dir='ltr'><strong><em>OC</em></strong></span> <span class='ocrx_word' id='word_1_189' title='bbox 516 2941 579 3030; x_wconf 76' lang='grc' dir='ltr'><strong><em>μέν</em></strong></span> <span class='ocrx_word' id='word_1_190' title='bbox 587 2939 866 3031; x_wconf 79' lang='grc' dir='ltr'><strong><em>δηκρημνοβάται</em></strong></span> <span class='ocrx_word' id='word_1_191' title='bbox 874 2938 1030 3009; x_wconf 82' lang='grc' dir='ltr'><strong><em>σῦνπολ·</em></strong></span> 
     </span>
     <span class='ocr_line' id='line_1_28' title="bbox 67 3040 1031 3137; baseline -0.002 -23"><span class='ocrx_word' id='word_1_192' title='bbox 67 3051 116 3137; x_wconf 76' lang='grc' dir='ltr'><strong><em>λῶ</em></strong></span> <span class='ocrx_word' id='word_1_193' title='bbox 132 3043 225 3137; x_wconf 77' lang='grc' dir='ltr'><strong><em>πόνῳ</em></strong></span> <span class='ocrx_word' id='word_1_194' title='bbox 240 3043 323 3115; x_wconf 81' lang='grc' dir='ltr'><strong><em>κατὰ</em></strong></span> <span class='ocrx_word' id='word_1_195' title='bbox 336 3041 535 3132; x_wconf 78' lang='grc' dir='ltr'><strong><em>κορυφὴν**</em></strong></span> <span class='ocrx_word' id='word_1_196' title='bbox 545 3041 739 3131; x_wconf 82' lang='grc' dir='ltr'><strong><em>ἀνίσχοντος</em></strong></span> <span class='ocrx_word' id='word_1_197' title='bbox 753 3040 851 3130; x_wconf 79' lang='grc' dir='ltr'><strong><em>ἡλίου</em></strong></span> <span class='ocrx_word' id='word_1_198' title='bbox 858 3040 1031 3124; x_wconf 77' lang='grc' dir='ltr'><strong><em>τάςζῶνας</em></strong></span> 
     </span>
     <span class='ocr_line' id='line_1_29' title="bbox 66 3141 1029 3234; baseline -0.004 -17"><span class='ocrx_word' id='word_1_199' title='bbox 66 3145 261 3217; x_wconf 84' lang='grc' dir='ltr'><strong><em>ἀνέσεισαν·</em></strong></span> <span class='ocrx_word' id='word_1_200' title='bbox 281 3153 316 3216; x_wconf 86' lang='grc' dir='ltr'><strong><em>οί</em></strong></span> <span class='ocrx_word' id='word_1_201' title='bbox 327 3148 364 3216; x_wconf 71' lang='grc' dir='ltr'><strong><em>δέ</em></strong></span> <span class='ocrx_word' id='word_1_202' title='bbox 379 3145 575 3226; x_wconf 85' lang='grc' dir='ltr'><strong><em>Μακεδόνες</em></strong></span> <span class='ocrx_word' id='word_1_203' title='bbox 587 3147 672 3234; x_wconf 91' lang='grc' dir='ltr'><strong><em>μέγα</em></strong></span> <span class='ocrx_word' id='word_1_204' title='bbox 685 3147 742 3214; x_wconf 85' lang='grc' dir='ltr'><strong><em>καὶ</em></strong></span> <span class='ocrx_word' id='word_1_205' title='bbox 758 3141 1029 3233; x_wconf 81' lang='grc' dir='ltr'><strong><em>λαμπρδνκάτοι-</em></strong></span> 
     </span>
     <span class='ocr_line' id='line_1_30' title="bbox 66 3243 1031 3338; baseline -0.004 -19"><span class='ocrx_word' id='word_1_206' title='bbox 66 3247 319 3338; x_wconf 72' lang='grc' dir='ltr'><strong><em>θενήλάλαξαν·</em></strong></span> <span class='ocrx_word' id='word_1_207' title='bbox 335 3246 353 3319; x_wconf 88' lang='grc' dir='ltr'>ὁ</span> <span class='ocrx_word' id='word_1_208' title='bbox 365 3247 597 3338; x_wconf 76' lang='grc' dir='ltr'><strong><em>δέἈριομάζης</em></strong></span> <span class='ocrx_word' id='word_1_209' title='bbox 605 3249 792 3335; x_wconf 81' lang='grc' dir='ltr'><strong><em>έκπλοιγεδς,</em></strong></span> <span class='ocrx_word' id='word_1_210' title='bbox 800 3243 846 3327; x_wconf 85' lang='grc' dir='ltr'><strong><em>ῶς</em></strong></span> <span class='ocrx_word' id='word_1_211' title='bbox 854 3246 960 3336; x_wconf 86' lang='grc' dir='ltr'><strong><em>πάσης</em></strong></span> <span class='ocrx_word' id='word_1_212' title='bbox 972 3253 1031 3336; x_wconf 81' lang='grc' dir='ltr'><strong><em>τῆς</em></strong></span> 
     </span>
     <span class='ocr_line' id='line_1_31' title="bbox 67 3347 1028 3440; baseline -0.003 -19"><span class='ocrx_word' id='word_1_213' title='bbox 67 3347 1028 3440; x_wconf 78' lang='grc' dir='ltr'><strong><em>στρατιάςάναβαινούσηςκαὶῶςῆδηκατάκορυφῆςὲαλω·</em></strong></span> 
     </span>
     <span class='ocr_line' id='line_1_32' title="bbox 66 3449 1028 3547; baseline 0 -25"><span class='ocrx_word' id='word_1_214' title='bbox 66 3453 146 3540; x_wconf 84' lang='grc' dir='ltr'><strong><em>κῶς,</em></strong></span> <span class='ocrx_word' id='word_1_215' title='bbox 162 3450 266 3524; x_wconf 90' lang='grc' dir='ltr'><strong><em>αῦτόν</em></strong></span> <span class='ocrx_word' id='word_1_216' title='bbox 278 3481 316 3523; x_wconf 88' lang='grc' dir='ltr'><strong><em>τε</em></strong></span> <span class='ocrx_word' id='word_1_217' title='bbox 328 3455 385 3523; x_wconf 81' lang='grc' dir='ltr'><strong><em>καὶ</em></strong></span> <span class='ocrx_word' id='word_1_218' title='bbox 394 3452 456 3542; x_wconf 78' lang='grc' dir='ltr'><strong><em>τὴν</em></strong></span> <span class='ocrx_word' id='word_1_219' title='bbox 469 3449 595 3544; x_wconf 83' lang='grc' dir='ltr'><strong><em>πέτραν</em></strong></span> <span class='ocrx_word' id='word_1_220' title='bbox 603 3455 801 3542; x_wconf 83' lang='grc' dir='ltr'><strong><em>παρέδωκεν</em></strong></span> <span class='ocrx_word' id='word_1_221' title='bbox 809 3450 1028 3547; x_wconf 72' lang='grc' dir='ltr'><strong><em>Ἀλεξάνδρῳ,</em></strong></span> 
     </span>
     <span class='ocr_line' id='line_1_33' title="bbox 65 3550 1027 3659; baseline -0.003 -32"><span class='ocrx_word' id='word_1_222' title='bbox 65 3550 1027 3659; x_wconf 74' lang='grc' dir='ltr'><strong><em>θειοτέραναῦτοῦτηνδύναμινκαὶτηντύχηνὴγούμενος</em></strong></span> 
     </span>
    </p>
   </div>
   <div class='ocr_carea' id='block_1_3' title="bbox 0 0 1164 3892">
    <p class='ocr_par' dir='ltr' id='par_1_4' title="bbox 0 0 1164 3892">
     <span class='ocr_line' id='line_1_34' title="bbox 0 0 1164 3892; baseline 0 2"><span class='ocrx_word' id='word_1_223' title='bbox 0 0 1164 3892; x_wconf 95' lang='lat' dir='ltr'><strong><em> </em></strong></span> 
     </span>
    </p>
   </div>
  </div>
 </body>
</html>
