2318 3892
105 184 142 246 18
493 184 676 245 ΒΙΒΛΙΟΝ

97 359 309 448 ’βουλόμενος
336 362 585 445 δημηγορῆσαι,
607 358 665 424 καλ
688 358 814 448 σμικρᾷ
839 356 887 446 τῇ
904 355 1002 443 φωνῇ
1016 352 1049 421 λέ-

106 489 180 549 γειν
195 459 323 550 ἤρχετο.
360 464 404 527 Ολ
424 459 461 528 δὲ
478 457 651 541 ἐξακούειν
664 457 709 547 μὴ
725 457 938 547 δυνάμενοι,
954 464 1050 543 προελ-

105 577 183 634 θεῖν
207 562 310 634 αὐτὸν
331 560 477 651 ἠξίωσαν
498 569 545 641 εἰς
567 559 604 629 τδ
620 560 850 648 προπύλαιον,
874 566 936 630 ἵνα
956 557 1052 635 πάντες

105 669 337 738 ἐπακούσειαν.
362 663 451 733 Ἐπεὶ
474 664 512 733 δὲ
538 659 633 752 ὁμὲν
650 659 759 752 ἡσυχῆ
780 666 977 753 διελέγετο,
995 662 1051 736 ολδ
1088 678 1092 732 λ

105 775 312 848 ἐκτείναντες
320 765 383 891 μάς
395 764 495 847 ἀκοάς
509 779 696 854 προσεῖχον,
711 770 746 836 ολ
757 769 940 859 ἐπίκουροι
953 778 1050 859 προελ-
1086 796 1092 834 ι

105 870 242 959 δόντες,
263 866 424 959 ἀράμενοι
446 867 486 937 τά
509 865 596 938 ὅπλα
601 867 829 1040 ὲκατήνεγκαν
850 878 905 953 εἰς
926 900 966 942 το
955 868 1077 961 λερδι
1086 899 1092 936 ι

103 983 161 1065 της
175 973 367 1097 Ἀγραύλου.
393 970 598 1060 Ἁδηνοιλοιδ
601 970 752 1060 δγυμνολ
765 976 1092 1062 καταλειφθέντες,

105 1080 179 1147 τότε
204 1075 353 1166 ᾔσθοντο
379 1078 437 1163 της
462 1073 707 1199 Πεισιστράτου
729 1074 1051 1165 βραχυφωνίας,διι

65 1178 170 1268 .αρα
184 1171 226 1268 ἦν
238 1180 404 1265 τέχνασμα
418 1174 502 1245 κατά
513 1182 581 1246 τῶν
594 1173 718 1246 ὅπλων.

69 1291 85 1342 3
179 1289 418 1368 Πεισίστρατος
438 1287 613 1366 Μεγακλεῖ
634 1279 906 1369 διεπολιτεύετο,
929 1273 1051 1372 καλῆνι
1087 1307 1092 1345 ι

103 1391 286 1472 Μεγακλῆς
298 1379 361 1452 ύπδ
365 1410 383 1471 ρ
397 1409 465 1451 των
482 1388 653 1451 πλουσίων
666 1384 886 1472 τεταγμένος,
902 1413 921 1454 ο
908 1380 979 1456 δὲ
991 1394 1050 1455 Πει
1088 1409 1092 1447 ι

103 1482 307 1575 σίστρατος
290 1484 374 1573 υπὲρ
389 1489 457 1553 τῶν
469 1483 637 1572 πενήτων.
660 1487 727 1554 Καὶ
742 1485 883 1574 δήποτε
897 1491 939 1558 ἐν
953 1490 1092 1575 ἕκκλη

102 1596 159 1681 σι’ςι
173 1586 280 1658 πολλά
300 1615 345 1680 τμ
332 1593 532 1674 Μεγακλει
549 1588 830 1677 λοιδορησάμενος
847 1591 909 1659 καλ
929 1588 1049 1679 άπειλη

103 1715 162 1772 σας
185 1690 377 1781 ἀπηλλάγη,
407 1689 621 1780 κατατρώσας
649 1692 723 1760 δε“
708 1689 829 1760 εαυτδν
857 1689 902 1761 ού
925 1701 1051 1820 καιρίας

102 1794 267 1884 τραύμασι
284 1822 342 1883 της
361 1790 538 1883 ύστεραίας
557 1799 732 1883 προηλθεν
761 1799 809 1873 εἰς
833 1820 901 1883 την
928 1794 1092 1888 άγοριὶη

104 1897 271 1967 δεικνύων
285 1910 355 1975 τοϊς
371 1893 563 1985 Ἀθηναίοις
575 1903 690 1965 ταῦτα.
715 1892 750 1966 O
765 1896 802 1966 δὲ
818 1897 961 2025 δῆμος“
940 1915 1092 2022 υπερη

102 1999 328 2086 γανάκτησεν,
344 1992 404 2168 ὡςὶ
402 2026 420 2066 ο
407 1993 616 2087 ’κηδόμενος
630 1997 743 2069 αὐτῶν
757 1995 804 2069 δι’
822 1997 953 2085 αύτούς
966 2006 1092 2073 παύτι

103 2112 155 2189 εἰη
183 2098 320 2185 παθών,
348 2101 404 2168 καὶ
430 2105 462 2181 ἐς
489 2101 675 2273 φυλακηνῖ
672 2107 733 2171 τού
757 2100 913 2191 σώματος
934 2104 1092 2178 ἔδωκε’.

102 2201 193 2298 αύτῷ
213 2208 423 2291 τριακοσίους
443 2199 690 2291 φύλακας,οἷς
713 2205 966 2297 κορυνηφόροις
987 2235 1092 2300 χρη

100 2307 243 2395 σάμενος
266 2303 366 2386 αὐτός
381 2332 417 2373 τε
438 2305 601 2395 τύραννος
620 2304 762 2396 Ἀθηναλ
761 2335 810 2378 ων
831 2310 988 2399 ἐγένετο,

100 2424 168 2490 τοῖς
184 2407 327 2478 παισὶ
291 2435 353 2497 την
367 2415 553 2500 τυραννιδα
568 2409 755 2479 κατέλιπεν.

411 2638 451 2693 λλ.
469 2642 755 2697 ΑΡΙΣΤΟΓΕΙΤΩΝ.

173 2782 360 2873 Ἀριστογελ
358 2810 444 2868 των,
455 2778 522 2852 ύπδ
535 2789 603 2852 τῶν
618 2785 821 2875 δορυφόρων
834 2784 1049 2874 στρεβλούμε·

101 2917 157 2968 νος
171 2888 247 2976 περὶ
261 2891 330 2956 τῶν
344 2885 570 2970 συνειδότων,
591 2892 660 2956 τοῖν
674 2887 712 2977 μδ
715 2917 736 2957 ν
749 2885 999 2961 συνειδότων
974 2915 1050 2978 αμο-

99 2985 394 3080 λόγησενούδένα,
410 2987 589 3069 πάνταςδὲ
602 2987 679 3070 τούς
700 2986 971 3079 Ἱππίουφίλους
990 3018 1051 3061 κοι-

98 3100 247 3182 νωνῆσαι
273 3120 331 3183 της
352 3094 545 3173 ἐπιθέσεως.
583 3089 700 3164 Οπύτε
719 3093 756 3163 δε
774 3093 917 3176 τούτους
930 3089 1051 3175 Ἱππίας

98 3193 290 3280 ἀπέκτεινε,
310 3194 384 3265 τότε
408 3191 689 3286 δἈριστυγείτων
710 3192 888 3268 ὠνείδισεν
908 3193 1048 3294 αύτῷ
1021 3223 1051 3267 το

96 3297 308 3388 στρατήγημα
323 3304 391 3367 τῶν
405 3304 525 3386 φίλων.
1073 3298 1087 3327 '

97 3470 324 3482 m

118 3535 122 3542 ’
161 3563 226 3628 cap.
243 3564 285 3614 ιι.
322 3566 347 3626 ς.
365 3564 389 3616 3.
425 3564 468 3613 Ex
483 3562 556 3614 Plut.
575 3564 634 3614 vita
656 3563 710 3618 εει,
729 3566 772 3618 νο.
850 3624 854 3629 ,
