2318 3892
455 193 617 255 ΤΡΙΤΟΝ.
832 241 836 252 .
974 192 1015 254 97

55 367 212 456 στιβάδας
225 364 493 454 καταμαθόντιτν
513 367 569 436 καλ
583 364 621 438 τό
634 372 765 455 πλῆθος
782 368 1013 454 καταπλαγέν-

55 498 140 558 των,
154 470 314 558 τηνικάδε
331 467 532 557 προσπεσών
548 476 698 560 συνῆπτε
711 470 831 559 μάχην.

128 605 269 687 Θηβαῖοι
288 596 423 687 νύκτωρ
445 603 612 668 εἰσπεσεῖν
629 595 790 687 Ἀθήναζε
812 603 1012 669 διενοοῦντο.
1031 617 1066 670 20

55 702 240 791 Ιφικράτης
271 699 394 788 μαθών
418 701 636 790 παράγγελμα
662 707 791 773 ἔδωκεν
813 699 1014 790 Ἀθηναίοις,

55 805 189 891 νύκτωρ
203 799 478 891 ύποσημήναντος
488 806 521 884 ἐς
531 802 658 893 ἀγοράν
668 799 1015 895 άθροίζεσθαι·“προ-

55 912 191 979 δίδοταί
199 934 255 994 μοι
269 902 290 995 ἡ
306 913 465 995 Θηβαίων
478 908 588 994 πόλις,
610 909 664 976 καί
680 907 761 997 μετά
777 906 914 997 ἡσυχίας
928 910 1015 990 ἐξελ-

55 1010 190 1095 θόντες,
219 1007 316 1096 άφνω
344 1010 590 1098 προσπεσόντες
609 1008 725 1099 άμαχεί
747 1012 860 1100 Θήβας
881 1011 1015 1099 αίρήσο-

55 1110 156 1203 μεν.”
199 1118 302 1182 Τούτο
325 1112 362 1182 δὲ
379 1114 583 1200 ἐξαγγελθδν
596 1122 738 1205 Θηβαῖοι
755 1115 922 1203 μαθόντες
935 1111 1016 1182 ἀπέ-

55 1237 172 1305 σχοντο
191 1231 394 1305 προσπεσεῖν
411 1233 482 1297 ταῖς
493 1215 666 1308 Ἀθήναις,
686 1221 719 1298 ἐς
732 1218 770 1288 δὲ
782 1215 819 1288 τό
834 1217 1018 1306 φυλάττειν

54 1319 118 1409 τὴν
131 1319 229 1389 πόλιν
242 1315 355 1388 αύτών
368 1323 582 1410 κατέστησαν.

101 1444 290 1536 Ἰφικράτης
310 1444 445 1535 ὀλίγους
467 1447 534 1537 εἶχε
555 1446 772 1537 στρατιώτας,
799 1448 854 1519 καί
878 1445 1016 1534 τούτρυς
1033 1454 1066 1506 21

55 1547 282 1640 ἀθυμοῦντας.
323 1551 534 1639 Βουλόμενος
554 1548 668 1635 αὐτοῖς
693 1551 820 1640 θάρσος
847 1552 1017 1635 ἐνδοῦναι,

55 1652 178 1742 μεταξύ
199 1657 421 1734 δειπνοῦντας
446 1663 609 1742 συγκαλεῖ
633 1652 794 1741 λοχαγούς
808 1655 864 1724 καὶ
885 1651 1017 1740 ταξιάρ-

55 1783 131 1842 χας,
155 1757 210 1824 καλ
231 1756 365 1825 κελεύει
379 1758 497 1845 φέρειν
518 1754 597 1827 ὅσον
611 1759 748 1836 ἕκαστος
767 1763 835 1844 ἔχοι
858 1753 1020 1842 ἀργύριον

56 1853 78 1946 ἢ
105 1864 246 1946 χρυσίον
272 1852 293 1946 ἢ
321 1857 461 1946 κόσμον,
488 1856 533 1942 ώς
560 1864 745 1948 προδοσίαν
764 1864 833 1929 τών
850 1864 1019 1947 πολεμίων

55 1961 341 2049 διαπραξάμενος,
358 1963 415 2031 καί
430 1966 509 2033 δέον
534 1961 576 2033 τά
597 1968 690 2052 δώρα
708 1961 828 2043 δόντας
841 1960 905 2052 ἤδη
919 1967 1017 2050 βαδί-

55 2071 127 2147 ζειν
142 2065 196 2133 ἐπὶ
204 2062 281 2144 τούς
294 2068 477 2148 ἐναντίους.
500 2069 547 2136 Οί
558 2065 621 2154 μὲν
636 2063 678 2156 δίη
692 2065 867 2154 ἐκόμισαν·
883 2062 901 2136 ὁ
915 2065 1017 2135 δδλα-

55 2166 128 2238 Βών
149 2164 308 2257 σύνθημα
326 2174 456 2243 ,ἔδωκεν
466 2165 588 2259 Ἑρμῆν
602 2175 739 2256 Φίλιον,
769 2197 812 2249 ος
825 2174 924 2238 τοῦτο
938 2166 1020 2255 πρὸς

55 2269 134 2351 τούς
153 2270 347 2351 ἐνδιδόντας
368 2269 460 2365 αύτῷ
480 2279 720 2361 συγκείμενον,
738 2272 796 2340 καὶ
817 2269 925 2360 βραχύ
946 2276 1019 2340 δια-

55 2372 168 2444 λιπών
189 2376 292 2462 ἐπῆγε
311 2371 390 2457 τούς
408 2374 620 2460 στρατιώτας.
650 2379 696 2444 Ol
707 2374 763 2461 δὲ,
785 2373 1020 2453 πιστεύσαντες

55 2474 100 2556 ύς
117 2483 225 2564 ἔχοιεν
235 2474 312 2555 τούς
327 2475 577 2563 προδώσοντας,
594 2473 853 2566 εύθαρσέστεροι
865 2474 948 2564 πρὸς
961 2472 1023 2563 τὴν

55 2580 169 2668 μάχην
187 2579 353 2666 ἐγίνοντο.

134 2704 321 2795 Ἰφικράτης
334 2701 396 2797 τὴν
410 2704 569 2788 σύνταξιν
579 2709 647 2776 τών
661 2705 897 2794 στρατοπέδων
914 2712 1020 2790 είκαζε
1038 2719 1073 2771 22

55 2816 106 2906 τῷ
120 2809 258 2898 σώματι.
282 2808 427 2899 Θώρακα
439 2808 550 2883 ἐκάλει
564 2805 627 2899 τὴν
640 2806 808 2896 φάλαγγα,
820 2823 932 2897 χεῖρας
946 2807 1024 2888 τούς

55 2911 197 2998 ψιλούς,
219 2911 324 2993 πόδας
341 2912 404 3001 τὴν
424 2917 544 2998 ἵππον,
572 2911 725 3002 κεφαλὴν
744 2910 803 2982 τόν
825 2910 1022 2999 στρατηγόν.

55 3014 71 3039 ''‘
84 3014 133 3085 Τά
147 3016 209 3104 μὲν
223 3014 265 3106 δὴ
278 3013 362 3085 άλλα
376 3012 458 3086 όταν
472 3018 645 3104 ἐπιλείπη,
669 3012 779 3104 χωλόν
792 3015 850 3082 καὶ
864 3011 973 3101 πηρὸν
987 3010 1024 3082 τδ

55 3119 305 3207 στρατόπεδον·
327 3115 407 3188 ὅταν·
422 3119 459 3188 δὲ
473 3113 491 3187 ὁ
505 3116 687 3208 στρατηγός
701 3115 885 3206 ἀπόληται,
905 3114 942 3185 τὸ
957 3120 1025 3186 πάν

55 3221 226 3311 άχρηστον
241 3217 393 3310 ολχεται.”
826 3230 828 3233 ’

136 3349 323 3439 Ἰφικράτης
337 3352 375 3419 ἐν
383 3347 564 3438 Μιτυλήνη
577 3347 680 3436 λόγον
696 3351 875 3432 διέδωκεν,
884 3341 1022 3414 “Ἀσπί-
1041 3360 1077 3414 23

60 3460 123 3534 δας
137 3453 200 3542 χρὴ
214 3451 460 3524 κατασκευάσαι
477 3449 533 3522 διά
552 3451 673 3539 τάχους
694 3447 835 3534 πολλάς,
852 3445 937 3518 ώστε
955 3462 1025 3528 τοϊς

58 3563 132 3626 τών
145 3563 241 3626 Χίων
253 3557 395 3638 οἰκέταις
410 3551 575 3645 πόμφαι.”
602 3563 699 3641 Χίον,
713 3558 811 3624 τοῦτο
824 3549 1027 3632 ἀκούσαντες

110 3689 240 3723 Pomm
259 3687 355 3724 mn.
862 3670 881 3728 7
