<?xml version="1.0" encoding="UTF-8"?>
<!DOCTYPE html PUBLIC "-//W3C//DTD XHTML 1.0 Transitional//EN"
    "http://www.w3.org/TR/xhtml1/DTD/xhtml1-transitional.dtd">
<html xmlns="http://www.w3.org/1999/xhtml" xml:lang="en" lang="en">
 <head>
  <title>
</title>
<meta http-equiv="Content-Type" content="text/html;charset=utf-8" />
  <meta name='ocr-system' content='tesseract 3.04.00' />
  <meta name='ocr-capabilities' content='ocr_page ocr_carea ocr_par ocr_line ocrx_word'/>
</head>
<body>
  <div class='ocr_page' id='page_1' title='image "./polyaenistrateg00polygoog_0356.png"; bbox 0 0 2318 3892; ppageno 0'>
   <div class='ocr_carea' id='block_1_1' title="bbox 479 187 702 248">
    <p class='ocr_par' dir='ltr' id='par_1_1' title="bbox 479 187 702 248">
     <span class='ocr_line' id='line_1_1' title="bbox 479 187 702 248; baseline 0.009 -4"><span class='ocrx_word' id='word_1_1' title='bbox 479 187 702 248; x_wconf 83' lang='lat' dir='ltr'><em>EBAOMON.</em></span> 
     </span>
    </p>
   </div>
   <div class='ocr_carea' id='block_1_2' title="bbox 420 403 772 489">
    <p class='ocr_par' dir='ltr' id='par_1_2' title="bbox 420 403 772 489">
     <span class='ocr_line' id='line_1_2' title="bbox 420 403 772 489; baseline -0.003 -2"><span class='ocrx_word' id='word_1_2' title='bbox 420 433 464 488; x_wconf 84' lang='grc' dir='ltr'><em>εο.</em></span> <span class='ocrx_word' id='word_1_3' title='bbox 484 403 772 489; x_wconf 70' lang='grc' dir='ltr'><em>ΑΡΙοεΑΡτΑΝΗΣ.</em></span> 
     </span>
    </p>
   </div>
   <div class='ocr_carea' id='block_1_3' title="bbox 55 557 1074 1570">
    <p class='ocr_par' dir='ltr' id='par_1_3' title="bbox 110 557 1073 853">
     <span class='ocr_line' id='line_1_3' title="bbox 183 557 1071 649; baseline 0.003 -23"><span class='ocrx_word' id='word_1_4' title='bbox 183 558 457 647; x_wconf 75' lang='grc' dir='ltr'><em>Ἀριοβαρζάνης,</em></span> <span class='ocrx_word' id='word_1_5' title='bbox 477 557 718 649; x_wconf 78' lang='grc' dir='ltr'><em>Ἀδραμύττιον</em></span> <span class='ocrx_word' id='word_1_6' title='bbox 731 560 896 647; x_wconf 81' lang='grc' dir='ltr'><strong><em>κατέχων,</em></strong></span> <span class='ocrx_word' id='word_1_7' title='bbox 920 563 1071 648; x_wconf 80' lang='grc' dir='ltr'><em>ἐπολιορ-</em></span> 
     </span>
     <span class='ocr_line' id='line_1_4' title="bbox 110 658 1072 751; baseline 0.005 -23"><span class='ocrx_word' id='word_1_8' title='bbox 110 676 200 731; x_wconf 87' lang='grc' dir='ltr'><em>κεῖτο</em></span> <span class='ocrx_word' id='word_1_9' title='bbox 217 658 276 730; x_wconf 78' lang='grc' dir='ltr'><em>ὑπ’</em></span> <span class='ocrx_word' id='word_1_10' title='bbox 294 660 561 751; x_wconf 76' lang='grc' dir='ltr'><em>Αὐτοφραδάτου</em></span> <span class='ocrx_word' id='word_1_11' title='bbox 581 661 735 732; x_wconf 78' lang='grc' dir='ltr'><em>καὶκατὰ</em></span> <span class='ocrx_word' id='word_1_12' title='bbox 756 668 819 750; x_wconf 76' lang='grc' dir='ltr'><em>γῆν</em></span> <span class='ocrx_word' id='word_1_13' title='bbox 841 664 897 732; x_wconf 81' lang='grc' dir='ltr'><em>καὶ</em></span> <span class='ocrx_word' id='word_1_14' title='bbox 910 661 994 733; x_wconf 85' lang='grc' dir='ltr'><em>κατά</em></span> <span class='ocrx_word' id='word_1_15' title='bbox 1009 663 1072 733; x_wconf 90' lang='grc' dir='ltr'><em>θά-</em></span> 
     </span>
     <span class='ocr_line' id='line_1_5' title="bbox 110 763 1073 853; baseline 0.001 -20"><span class='ocrx_word' id='word_1_16' title='bbox 110 774 249 833; x_wconf 92' lang='grc' dir='ltr'><em>λασσαν.</em></span> <span class='ocrx_word' id='word_1_17' title='bbox 276 764 485 851; x_wconf 79' lang='grc' dir='ltr'><em>Βουλόμενος</em></span> <span class='ocrx_word' id='word_1_18' title='bbox 501 765 538 833; x_wconf 71' lang='grc' dir='ltr'><em>δὲ</em></span> <span class='ocrx_word' id='word_1_19' title='bbox 558 763 598 833; x_wconf 82' lang='grc' dir='ltr'><em>τά</em></span> <span class='ocrx_word' id='word_1_20' title='bbox 613 766 784 853; x_wconf 81' lang='grc' dir='ltr'><em>ἐπιτήδεια</em></span> <span class='ocrx_word' id='word_1_21' title='bbox 801 766 856 833; x_wconf 82' lang='grc' dir='ltr'><em>καὶ</em></span> <span class='ocrx_word' id='word_1_22' title='bbox 871 763 1073 853; x_wconf 74' lang='grc' dir='ltr'><em>στρατιώτας</em></span> 
     </span>
    </p>

    <p class='ocr_par' dir='ltr' id='par_1_4' title="bbox 82 864 1072 956">
     <span class='ocr_line' id='line_1_6' title="bbox 82 864 1072 956; baseline 0.004 -22"><span class='ocrx_word' id='word_1_23' title='bbox 82 886 93 923; x_wconf 87' lang='lat'>⁵</span> <span class='ocrx_word' id='word_1_24' title='bbox 111 872 304 952; x_wconf 80' lang='grc' dir='ltr'><em>εἰσαγαγεῖν</em></span> <span class='ocrx_word' id='word_1_25' title='bbox 312 868 368 934; x_wconf 81' lang='grc' dir='ltr'><em>καὶ</em></span> <span class='ocrx_word' id='word_1_26' title='bbox 381 864 448 936; x_wconf 80' lang='grc' dir='ltr'><em>ὑπὸ</em></span> <span class='ocrx_word' id='word_1_27' title='bbox 460 873 528 936; x_wconf 77' lang='grc' dir='ltr'><em>τῶν</em></span> <span class='ocrx_word' id='word_1_28' title='bbox 536 869 808 956; x_wconf 85' lang='grc' dir='ltr'><em>πολιορκούντων</em></span> <span class='ocrx_word' id='word_1_29' title='bbox 816 865 1009 955; x_wconf 77' lang='grc' dir='ltr'><em>εἰργόμενος</em></span> <span class='ocrx_word' id='word_1_30' title='bbox 1018 871 1072 938; x_wconf 79' lang='grc' dir='ltr'><em>ἐν·</em></span> 
     </span>
    </p>

    <p class='ocr_par' dir='ltr' id='par_1_5' title="bbox 108 968 1074 1062">
     <span class='ocr_line' id='line_1_7' title="bbox 108 968 1074 1062; baseline 0.002 -26"><span class='ocrx_word' id='word_1_31' title='bbox 108 970 259 1037; x_wconf 80' lang='grc' dir='ltr'><em>τέλλεται</em></span> <span class='ocrx_word' id='word_1_32' title='bbox 274 974 321 1062; x_wconf 76' lang='grc' dir='ltr'><em>τῷ</em></span> <span class='ocrx_word' id='word_1_33' title='bbox 335 975 541 1058; x_wconf 77' lang='grc' dir='ltr'><em>φρουροῦντι</em></span> <span class='ocrx_word' id='word_1_34' title='bbox 554 976 768 1039; x_wconf 85' lang='grc' dir='ltr'><em>Πτελεούντα</em></span> <span class='ocrx_word' id='word_1_35' title='bbox 777 968 841 1056; x_wconf 77' lang='grc' dir='ltr'><em>τὴν</em></span> <span class='ocrx_word' id='word_1_36' title='bbox 849 973 1074 1059; x_wconf 79' lang='grc' dir='ltr'><em>προκειμένην</em></span> 
     </span>
    </p>

    <p class='ocr_par' dir='ltr' id='par_1_6' title="bbox 55 1067 1073 1194">
     <span class='ocr_line' id='line_1_8' title="bbox 55 1067 1073 1194; baseline 0.003 -56"><span class='ocrx_word' id='word_1_37' title='bbox 55 1095 57 1106; x_wconf 90' lang='grc'><strong><em>·</em></strong></span> <span class='ocrx_word' id='word_1_38' title='bbox 107 1076 214 1158; x_wconf 82' lang='grc' dir='ltr'><em>νῆσον</em></span> <span class='ocrx_word' id='word_1_39' title='bbox 227 1067 476 1194; x_wconf 80' lang='grc' dir='ltr'><em>ὑποκρίνασθαι</em></span> <span class='ocrx_word' id='word_1_40' title='bbox 490 1075 732 1165; x_wconf 76' lang='grc' dir='ltr'><em>προδιδόναι</em></span> <span class='ocrx_word' id='word_1_41' title='bbox 701 1099 747 1141; x_wconf 91' lang='grc' dir='ltr'><em>τω</em></span> <span class='ocrx_word' id='word_1_42' title='bbox 734 1071 1019 1162; x_wconf 88' lang='grc' dir='ltr'><em>Αὐτοφραδάτη.</em></span> <span class='ocrx_word' id='word_1_43' title='bbox 1038 1071 1073 1141; x_wconf 89' lang='lat'><em>0</em></span> 
     </span>
    </p>

    <p class='ocr_par' dir='ltr' id='par_1_7' title="bbox 107 1172 1072 1305">
     <span class='ocr_line' id='line_1_9' title="bbox 107 1172 1072 1305; baseline 0.005 -65"><span class='ocrx_word' id='word_1_44' title='bbox 107 1173 177 1260; x_wconf 69' lang='grc' dir='ltr'><em>μὲν</em></span> <span class='ocrx_word' id='word_1_45' title='bbox 187 1172 336 1241; x_wconf 83' lang='grc' dir='ltr'><em>πιστεύει</em></span> <span class='ocrx_word' id='word_1_46' title='bbox 355 1179 402 1266; x_wconf 76' lang='grc' dir='ltr'><em>τῷ</em></span> <span class='ocrx_word' id='word_1_47' title='bbox 423 1175 642 1300; x_wconf 70' lang='grc' dir='ltr'><em>φρουράρχῳ</em></span> <span class='ocrx_word' id='word_1_48' title='bbox 640 1203 696 1243; x_wconf 92' lang='grc' dir='ltr'><em>και</em></span> <span class='ocrx_word' id='word_1_49' title='bbox 710 1177 832 1262; x_wconf 83' lang='grc' dir='ltr'><em>πέμπει</em></span> <span class='ocrx_word' id='word_1_50' title='bbox 846 1173 883 1244; x_wconf 84' lang='grc' dir='ltr'><em>τό</em></span> <span class='ocrx_word' id='word_1_51' title='bbox 900 1173 1072 1305; x_wconf 86' lang='grc' dir='ltr'><em>γαντικόν,</em></span> 
     </span>
    </p>

    <p class='ocr_par' dir='ltr' id='par_1_8' title="bbox 107 1270 1072 1365">
     <span class='ocr_line' id='line_1_10' title="bbox 107 1270 1072 1365; baseline 0.004 -23"><span class='ocrx_word' id='word_1_52' title='bbox 107 1271 153 1355; x_wconf 76' lang='grc' dir='ltr'><em>ὡς</em></span> <span class='ocrx_word' id='word_1_53' title='bbox 167 1270 210 1343; x_wconf 86' lang='grc' dir='ltr'><em>άν</em></span> <span class='ocrx_word' id='word_1_54' title='bbox 229 1275 453 1363; x_wconf 81' lang='grc' dir='ltr'><em>παραλάβη</em></span> <span class='ocrx_word' id='word_1_55' title='bbox 420 1305 456 1344; x_wconf 92' lang='grc' dir='ltr'><em>το</em></span> <span class='ocrx_word' id='word_1_56' title='bbox 472 1274 642 1365; x_wconf 64' lang='grc' dir='ltr'><em>χωρίον’</em></span> <span class='ocrx_word' id='word_1_57' title='bbox 628 1307 645 1347; x_wconf 94' lang='grc' dir='ltr'><em>ο</em></span> <span class='ocrx_word' id='word_1_58' title='bbox 661 1278 697 1346; x_wconf 92' lang='grc' dir='ltr'><em>δ</em></span> <span class='ocrx_word' id='word_1_59' title='bbox 715 1275 908 1365; x_wconf 78' lang='grc' dir='ltr'><em>Ἀριοβαρζ’</em></span> <span class='ocrx_word' id='word_1_60' title='bbox 888 1305 987 1365; x_wconf 90' lang='grc' dir='ltr'><em>ανης,</em></span> <span class='ocrx_word' id='word_1_61' title='bbox 1009 1281 1072 1357; x_wconf 78' lang='grc' dir='ltr'><em>ἕως</em></span> 
     </span>
    </p>

    <p class='ocr_par' dir='ltr' id='par_1_9' title="bbox 57 1376 1072 1570">
     <span class='ocr_line' id='line_1_11' title="bbox 57 1376 1072 1468; baseline 0.006 -25"><span class='ocrx_word' id='word_1_62' title='bbox 57 1395 88 1440; x_wconf 86' lang='lat'><em>10</em></span> <span class='ocrx_word' id='word_1_63' title='bbox 106 1383 146 1446; x_wconf 89' lang='grc' dir='ltr'><em>αί</em></span> <span class='ocrx_word' id='word_1_64' title='bbox 156 1383 234 1463; x_wconf 80' lang='grc' dir='ltr'><em>νῆες</em></span> <span class='ocrx_word' id='word_1_65' title='bbox 250 1376 331 1464; x_wconf 85' lang='grc' dir='ltr'><em>πρὸς</em></span> <span class='ocrx_word' id='word_1_66' title='bbox 352 1377 414 1466; x_wconf 76' lang='grc' dir='ltr'><em>τὴν</em></span> <span class='ocrx_word' id='word_1_67' title='bbox 434 1385 539 1467; x_wconf 78' lang='grc' dir='ltr'><em>νῆσον</em></span> <span class='ocrx_word' id='word_1_68' title='bbox 552 1386 690 1464; x_wconf 82' lang='grc' dir='ltr'><em>ἔπλεον,</em></span> <span class='ocrx_word' id='word_1_69' title='bbox 710 1386 864 1467; x_wconf 76' lang='grc' dir='ltr'><em>ἔφθασεν</em></span> <span class='ocrx_word' id='word_1_70' title='bbox 882 1377 1072 1468; x_wconf 76' lang='grc' dir='ltr'><em>εἰσκομίσας</em></span> 
     </span>
     <span class='ocr_line' id='line_1_12' title="bbox 110 1481 734 1570; baseline 0.003 -23"><span class='ocrx_word' id='word_1_71' title='bbox 110 1485 242 1567; x_wconf 78' lang='grc' dir='ltr'><em>πλῆθος</em></span> <span class='ocrx_word' id='word_1_72' title='bbox 258 1483 457 1568; x_wconf 79' lang='grc' dir='ltr'><em>ἐπιτηδείων</em></span> <span class='ocrx_word' id='word_1_73' title='bbox 470 1483 526 1550; x_wconf 82' lang='grc' dir='ltr'><em>καλ</em></span> <span class='ocrx_word' id='word_1_74' title='bbox 541 1481 734 1570; x_wconf 90' lang='grc' dir='ltr'><em>συμμάχων.</em></span> 
     </span>
    </p>
   </div>
   <div class='ocr_carea' id='block_1_4' title="bbox 400 1659 773 1716">
    <p class='ocr_par' dir='ltr' id='par_1_10' title="bbox 400 1659 773 1716">
     <span class='ocr_line' id='line_1_13' title="bbox 400 1659 773 1716; baseline -0.008 -2"><span class='ocrx_word' id='word_1_75' title='bbox 400 1659 443 1716; x_wconf 82' lang='grc'><em>27.</em></span> <span class='ocrx_word' id='word_1_76' title='bbox 462 1662 773 1715; x_wconf 76' lang='grc' dir='ltr'><em>ΑΤΤΟΦΡΑΔΑΤΗΣ.</em></span> 
     </span>
    </p>
   </div>
   <div class='ocr_carea' id='block_1_5' title="bbox 60 1781 1102 3615">
    <p class='ocr_par' dir='ltr' id='par_1_11' title="bbox 184 1781 1102 1874">
     <span class='ocr_line' id='line_1_14' title="bbox 184 1781 1102 1874; baseline 0 -22"><span class='ocrx_word' id='word_1_77' title='bbox 184 1781 451 1874; x_wconf 70' lang='grc' dir='ltr'><em>Αὐτοφραδάτης</em></span> <span class='ocrx_word' id='word_1_78' title='bbox 484 1789 642 1873; x_wconf 74' lang='grc' dir='ltr'><em>ἐμβαλεῖν</em></span> <span class='ocrx_word' id='word_1_79' title='bbox 667 1789 824 1863; x_wconf 76' lang='grc' dir='ltr'><em>Πισίδαις</em></span> <span class='ocrx_word' id='word_1_80' title='bbox 853 1781 1102 1872; x_wconf 77' lang='grc' dir='ltr'><em>βουλόμενος,1</em></span> 
     </span>
    </p>

    <p class='ocr_par' dir='ltr' id='par_1_12' title="bbox 106 1882 1071 1976">
     <span class='ocr_line' id='line_1_15' title="bbox 106 1882 1071 1976; baseline 0.002 -22"><span class='ocrx_word' id='word_1_81' title='bbox 106 1883 170 1973; x_wconf 81' lang='grc' dir='ltr'><em>τὴν</em></span> <span class='ocrx_word' id='word_1_82' title='bbox 203 1885 360 1975; x_wconf 78' lang='grc' dir='ltr'><em>εἰσβολὴν</em></span> <span class='ocrx_word' id='word_1_83' title='bbox 390 1887 594 1976; x_wconf 85' lang='grc' dir='ltr'><em>στενόπορον</em></span> <span class='ocrx_word' id='word_1_84' title='bbox 620 1890 675 1956; x_wconf 84' lang='grc' dir='ltr'><em>καλ</em></span> <span class='ocrx_word' id='word_1_85' title='bbox 702 1887 956 1975; x_wconf 77' lang='grc' dir='ltr'><em>φυλαττομένην</em></span> <span class='ocrx_word' id='word_1_86' title='bbox 981 1882 1071 1975; x_wconf 77' lang='grc' dir='ltr'><em>ὁρῶν</em></span> 
     </span>
    </p>

    <p class='ocr_par' dir='ltr' id='par_1_13' title="bbox 61 1985 1072 2487">
     <span class='ocr_line' id='line_1_16' title="bbox 61 1985 1070 2080; baseline -0.002 -20"><span class='ocrx_word' id='word_1_87' title='bbox 61 2022 88 2060; x_wconf 76' lang='grc' dir='ltr'><em>ιε</em></span> <span class='ocrx_word' id='word_1_88' title='bbox 109 1989 300 2077; x_wconf 78' lang='grc' dir='ltr'><em>προσήγαγε</em></span> <span class='ocrx_word' id='word_1_89' title='bbox 318 1990 381 2078; x_wconf 70' lang='grc' dir='ltr'><em>μὲν</em></span> <span class='ocrx_word' id='word_1_90' title='bbox 402 1988 440 2059; x_wconf 88' lang='grc' dir='ltr'><em>τό</em></span> <span class='ocrx_word' id='word_1_91' title='bbox 455 1990 699 2080; x_wconf 86' lang='grc' dir='ltr'><em>στρατόπεδον,</em></span> <span class='ocrx_word' id='word_1_92' title='bbox 720 1989 822 2059; x_wconf 91' lang='grc' dir='ltr'><em>πάλιν</em></span> <span class='ocrx_word' id='word_1_93' title='bbox 844 1989 881 2058; x_wconf 72' lang='grc' dir='ltr'><em>δὲ</em></span> <span class='ocrx_word' id='word_1_94' title='bbox 896 1985 1070 2076; x_wconf 85' lang='grc' dir='ltr'><em>άπήγαγεν</em></span> 
     </span>
     <span class='ocr_line' id='line_1_17' title="bbox 108 2087 1072 2182; baseline -0.001 -22"><span class='ocrx_word' id='word_1_95' title='bbox 108 2087 216 2160; x_wconf 83' lang='grc' dir='ltr'><em>ὀπίσω</em></span> <span class='ocrx_word' id='word_1_96' title='bbox 238 2095 331 2181; x_wconf 80' lang='grc' dir='ltr'><em>μέχρι</em></span> <span class='ocrx_word' id='word_1_97' title='bbox 346 2099 492 2162; x_wconf 87' lang='grc' dir='ltr'><em>σταδίων</em></span> <span class='ocrx_word' id='word_1_98' title='bbox 508 2093 718 2180; x_wconf 81' lang='grc' dir='ltr'><em>ἐνενήκοντα.</em></span> <span class='ocrx_word' id='word_1_99' title='bbox 746 2090 821 2172; x_wconf 85' lang='grc' dir='ltr'><em>Νὐξ</em></span> <span class='ocrx_word' id='word_1_100' title='bbox 840 2091 1001 2182; x_wconf 66' lang='grc' dir='ltr'><em>ἐπῆλθενζ</em></span> <span class='ocrx_word' id='word_1_101' title='bbox 1028 2096 1072 2160; x_wconf 89' lang='grc' dir='ltr'><em>Οί</em></span> 
     </span>
     <span class='ocr_line' id='line_1_18' title="bbox 108 2192 1070 2282; baseline 0 -21"><span class='ocrx_word' id='word_1_102' title='bbox 108 2194 172 2282; x_wconf 69' lang='grc' dir='ltr'><em>μὲν</em></span> <span class='ocrx_word' id='word_1_103' title='bbox 187 2194 411 2281; x_wconf 88' lang='grc' dir='ltr'><em>φυλάττοντες</em></span> <span class='ocrx_word' id='word_1_104' title='bbox 423 2200 492 2265; x_wconf 78' lang='grc' dir='ltr'><em>τῶν</em></span> <span class='ocrx_word' id='word_1_105' title='bbox 499 2201 653 2264; x_wconf 77' lang='grc' dir='ltr'><em>Πισιδῶν</em></span> <span class='ocrx_word' id='word_1_106' title='bbox 662 2192 912 2281; x_wconf 76' lang='grc' dir='ltr'><em>ἀπηλλάγησαν,</em></span> <span class='ocrx_word' id='word_1_107' title='bbox 921 2193 1070 2280; x_wconf 80' lang='grc' dir='ltr'><em>οἰόμενοι</em></span> 
     </span>
     <span class='ocr_line' id='line_1_19' title="bbox 96 2293 1069 2420; baseline 0.001 -58"><span class='ocrx_word' id='word_1_108' title='bbox 96 2294 185 2374; x_wconf 80' lang='grc' dir='ltr'><em>τούς</em></span> <span class='ocrx_word' id='word_1_109' title='bbox 197 2304 386 2420; x_wconf 85' lang='grc' dir='ltr'><em>πολεμίους</em></span> <span class='ocrx_word' id='word_1_110' title='bbox 400 2295 669 2385; x_wconf 78' lang='grc' dir='ltr'><em>ἀπεληλυθέναι·</em></span> <span class='ocrx_word' id='word_1_111' title='bbox 696 2293 770 2366; x_wconf 71' lang='grc' dir='ltr'><em>ὅδὲ</em></span> <span class='ocrx_word' id='word_1_112' title='bbox 790 2301 860 2364; x_wconf 74' lang='grc' dir='ltr'><em>τῶν</em></span> <span class='ocrx_word' id='word_1_113' title='bbox 880 2301 991 2377; x_wconf 76' lang='grc' dir='ltr'><em>φιλῶν</em></span> <span class='ocrx_word' id='word_1_114' title='bbox 1012 2297 1069 2364; x_wconf 84' lang='grc' dir='ltr'><em>καλ</em></span> 
     </span>
     <span class='ocr_line' id='line_1_20' title="bbox 106 2393 1066 2488; baseline 0.002 -23"><span class='ocrx_word' id='word_1_115' title='bbox 106 2424 177 2466; x_wconf 88' lang='grc' dir='ltr'><em>των</em></span> <span class='ocrx_word' id='word_1_116' title='bbox 190 2393 339 2468; x_wconf 79' lang='grc' dir='ltr'><em>ὁπλιτῶν</em></span> <span class='ocrx_word' id='word_1_117' title='bbox 352 2396 429 2478; x_wconf 85' lang='grc' dir='ltr'><em>τούς</em></span> <span class='ocrx_word' id='word_1_118' title='bbox 443 2398 691 2487; x_wconf 80' lang='grc' dir='ltr'><em>ἐλαφροτάτους</em></span> <span class='ocrx_word' id='word_1_119' title='bbox 704 2394 831 2484; x_wconf 83' lang='grc' dir='ltr'><em>λαβων,</em></span> <span class='ocrx_word' id='word_1_120' title='bbox 847 2403 1066 2488; x_wconf 89' lang='grc' dir='ltr'><em>πολλησπον·</em></span> 
     </span>
    </p>

    <p class='ocr_par' dir='ltr' id='par_1_14' title="bbox 62 2498 1068 2691">
     <span class='ocr_line' id='line_1_21' title="bbox 62 2498 1068 2590; baseline 0.003 -25"><span class='ocrx_word' id='word_1_121' title='bbox 62 2526 89 2565; x_wconf 83' lang='grc' dir='ltr'><em>ιο</em></span> <span class='ocrx_word' id='word_1_122' title='bbox 108 2505 152 2588; x_wconf 86' lang='grc' dir='ltr'><em>δη</em></span> <span class='ocrx_word' id='word_1_123' title='bbox 173 2500 310 2589; x_wconf 75' lang='grc' dir='ltr'><em>δραμών</em></span> <span class='ocrx_word' id='word_1_124' title='bbox 332 2499 501 2590; x_wconf 88' lang='grc' dir='ltr'><em>διηλθε</em></span> <span class='ocrx_word' id='word_1_125' title='bbox 464 2529 505 2569; x_wconf 91' lang='grc' dir='ltr'><em>τα</em></span> <span class='ocrx_word' id='word_1_126' title='bbox 522 2499 622 2570; x_wconf 83' lang='grc' dir='ltr'><em>στενά</em></span> <span class='ocrx_word' id='word_1_127' title='bbox 643 2504 699 2571; x_wconf 80' lang='grc' dir='ltr'><em>καὶ</em></span> <span class='ocrx_word' id='word_1_128' title='bbox 711 2527 774 2588; x_wconf 93' lang='grc' dir='ltr'><em>την</em></span> <span class='ocrx_word' id='word_1_129' title='bbox 787 2505 942 2568; x_wconf 87' lang='grc' dir='ltr'><em>Πισιδων</em></span> <span class='ocrx_word' id='word_1_130' title='bbox 955 2498 1068 2587; x_wconf 82' lang='grc' dir='ltr'><em>χάραν</em></span> 
     </span>
     <span class='ocr_line' id='line_1_22' title="bbox 106 2601 308 2691; baseline 0.016 -21"><span class='ocrx_word' id='word_1_131' title='bbox 106 2601 308 2691; x_wconf 84' lang='grc' dir='ltr'><em>ἐπόρθησεν.</em></span> 
     </span>
    </p>

    <p class='ocr_par' dir='ltr' id='par_1_15' title="bbox 104 2669 1102 2999">
     <span class='ocr_line' id='line_1_23' title="bbox 184 2669 1102 2831; baseline -0.004 -56"><span class='ocrx_word' id='word_1_132' title='bbox 184 2702 450 2831; x_wconf 83' lang='grc' dir='ltr'><em>Αὐτοφραδάτης</em></span> <span class='ocrx_word' id='word_1_133' title='bbox 467 2701 635 2792; x_wconf 84' lang='grc' dir='ltr'><em>Ἐφεσίων</em></span> <span class='ocrx_word' id='word_1_134' title='bbox 654 2669 1067 2793; x_wconf 86' lang='grc' dir='ltr'><em>άντιστρατοπεδευόντων</em></span> <span class='ocrx_word' id='word_1_135' title='bbox 1086 2722 1102 2771; x_wconf 77' lang='lat'>2</span> 
     </span>
     <span class='ocr_line' id='line_1_24' title="bbox 105 2803 1076 2896; baseline -0.002 -21"><span class='ocrx_word' id='word_1_136' title='bbox 105 2803 198 2896; x_wconf 78' lang='grc' dir='ltr'><em>δρῶν</em></span> <span class='ocrx_word' id='word_1_137' title='bbox 217 2807 295 2888; x_wconf 86' lang='grc' dir='ltr'><em>τούς</em></span> <span class='ocrx_word' id='word_1_138' title='bbox 315 2815 472 2888; x_wconf 88' lang='grc' dir='ltr'><em>πλείονας</em></span> <span class='ocrx_word' id='word_1_139' title='bbox 492 2805 754 2894; x_wconf 85' lang='grc' dir='ltr'><em>ὐδολεσχούντας</em></span> <span class='ocrx_word' id='word_1_140' title='bbox 774 2808 830 2875; x_wconf 77' lang='grc' dir='ltr'><em>καὶ</em></span> <span class='ocrx_word' id='word_1_141' title='bbox 845 2811 1076 2894; x_wconf 83' lang='grc' dir='ltr'><em>περιπατοῦν-</em></span> 
     </span>
     <span class='ocr_line' id='line_1_25' title="bbox 104 2907 1070 2999; baseline -0.001 -23"><span class='ocrx_word' id='word_1_142' title='bbox 104 2927 181 2996; x_wconf 86' lang='grc' dir='ltr'><em>τας,</em></span> <span class='ocrx_word' id='word_1_143' title='bbox 203 2909 451 2998; x_wconf 83' lang='grc' dir='ltr'><em>προύκαλίσατο</em></span> <span class='ocrx_word' id='word_1_144' title='bbox 470 2910 548 2991; x_wconf 84' lang='grc' dir='ltr'><em>τούς</em></span> <span class='ocrx_word' id='word_1_145' title='bbox 570 2909 731 2999; x_wconf 82' lang='grc' dir='ltr'><em>άρχοντας</em></span> <span class='ocrx_word' id='word_1_146' title='bbox 752 2907 865 2980; x_wconf 76' lang='grc' dir='ltr'><em>αὐτόν</em></span> <span class='ocrx_word' id='word_1_147' title='bbox 886 2917 1070 2997; x_wconf 85' lang='grc' dir='ltr'><em>προελθεῖν</em></span> 
     </span>
    </p>

    <p class='ocr_par' dir='ltr' id='par_1_16' title="bbox 63 3008 1070 3510">
     <span class='ocr_line' id='line_1_26' title="bbox 63 3008 1070 3101; baseline -0.001 -23"><span class='ocrx_word' id='word_1_148' title='bbox 63 3039 88 3079; x_wconf 83' lang='lat'><em>25</em></span> <span class='ocrx_word' id='word_1_149' title='bbox 106 3012 162 3080; x_wconf 80' lang='grc' dir='ltr'><em>καὶ</em></span> <span class='ocrx_word' id='word_1_150' title='bbox 177 3016 393 3095; x_wconf 81' lang='grc' dir='ltr'><em>διαλέξασθαι</em></span> <span class='ocrx_word' id='word_1_151' title='bbox 401 3013 475 3099; x_wconf 78' lang='grc' dir='ltr'><em>περὶ</em></span> <span class='ocrx_word' id='word_1_152' title='bbox 491 3019 560 3082; x_wconf 76' lang='grc' dir='ltr'><em>τῶν</em></span> <span class='ocrx_word' id='word_1_153' title='bbox 569 3018 668 3101; x_wconf 79' lang='grc' dir='ltr'><em>κοινῇ</em></span> <span class='ocrx_word' id='word_1_154' title='bbox 681 3010 933 3100; x_wconf 82' lang='grc' dir='ltr'><em>συμφερόντων.</em></span> <span class='ocrx_word' id='word_1_155' title='bbox 952 3014 997 3077; x_wconf 88' lang='grc' dir='ltr'><em>Οί</em></span> <span class='ocrx_word' id='word_1_156' title='bbox 1007 3008 1070 3097; x_wconf 72' lang='grc' dir='ltr'><em>μὲν</em></span> 
     </span>
     <span class='ocr_line' id='line_1_27' title="bbox 105 3111 1069 3204; baseline -0.004 -21"><span class='ocrx_word' id='word_1_157' title='bbox 105 3118 282 3204; x_wconf 79' lang='grc' dir='ltr'><em>προῆλθον</em></span> <span class='ocrx_word' id='word_1_158' title='bbox 292 3116 351 3188; x_wconf 79' lang='grc' dir='ltr'><em>καί</em></span> <span class='ocrx_word' id='word_1_159' title='bbox 366 3117 573 3202; x_wconf 76' lang='grc' dir='ltr'><em>διελέγοντο·</em></span> <span class='ocrx_word' id='word_1_160' title='bbox 590 3119 625 3184; x_wconf 88' lang='grc' dir='ltr'><em>οί</em></span> <span class='ocrx_word' id='word_1_161' title='bbox 637 3116 673 3184; x_wconf 73' lang='grc' dir='ltr'><em>δὲ</em></span> <span class='ocrx_word' id='word_1_162' title='bbox 681 3111 843 3203; x_wconf 79' lang='grc' dir='ltr'><em>ἡγεμόνες</em></span> <span class='ocrx_word' id='word_1_163' title='bbox 856 3117 925 3181; x_wconf 80' lang='grc' dir='ltr'><em>τῶν</em></span> <span class='ocrx_word' id='word_1_164' title='bbox 939 3112 1069 3180; x_wconf 80' lang='grc' dir='ltr'><em>ἱππίων</em></span> 
     </span>
     <span class='ocr_line' id='line_1_28' title="bbox 104 3213 1069 3305; baseline -0.004 -20"><span class='ocrx_word' id='word_1_165' title='bbox 104 3219 163 3286; x_wconf 80' lang='grc' dir='ltr'><em>καὶ</em></span> <span class='ocrx_word' id='word_1_166' title='bbox 178 3224 248 3286; x_wconf 77' lang='grc' dir='ltr'><em>τῶν</em></span> <span class='ocrx_word' id='word_1_167' title='bbox 263 3213 411 3286; x_wconf 79' lang='grc' dir='ltr'><em>ὁπλιτῶν</em></span> <span class='ocrx_word' id='word_1_168' title='bbox 430 3215 496 3304; x_wconf 83' lang='grc' dir='ltr'><em>πρὸ</em></span> <span class='ocrx_word' id='word_1_169' title='bbox 509 3223 636 3287; x_wconf 85' lang='grc' dir='ltr'><em>πολλού</em></span> <span class='ocrx_word' id='word_1_170' title='bbox 648 3215 865 3305; x_wconf 87' lang='grc' dir='ltr'><em>παράγγελμα</em></span> <span class='ocrx_word' id='word_1_171' title='bbox 879 3213 985 3301; x_wconf 81' lang='grc' dir='ltr'><em>εἶχον,</em></span> <span class='ocrx_word' id='word_1_172' title='bbox 1000 3218 1069 3282; x_wconf 79' lang='grc' dir='ltr'><em>τῶν</em></span> 
     </span>
     <span class='ocr_line' id='line_1_29' title="bbox 105 3314 1070 3444; baseline -0.006 -56"><span class='ocrx_word' id='word_1_173' title='bbox 105 3317 278 3444; x_wconf 80' lang='grc' dir='ltr'><em>ἀρχόντων</em></span> <span class='ocrx_word' id='word_1_174' title='bbox 292 3322 556 3406; x_wconf 80' lang='grc' dir='ltr'><em>διαλεγομένων,</em></span> <span class='ocrx_word' id='word_1_175' title='bbox 576 3314 888 3408; x_wconf 71' lang='grc' dir='ltr'><em>ἐμβαλεῖνίεςιούς</em></span> <span class='ocrx_word' id='word_1_176' title='bbox 898 3314 1070 3437; x_wconf 81' lang='grc' dir='ltr'><em>Ἐφεσίους</em></span> 
     </span>
     <span class='ocr_line' id='line_1_30' title="bbox 103 3415 1067 3521; baseline -0.006 -30"><span class='ocrx_word' id='word_1_177' title='bbox 103 3449 253 3502; x_wconf 86' lang='grc' dir='ltr'><em>ατακτως</em></span> <span class='ocrx_word' id='word_1_178' title='bbox 262 3449 317 3490; x_wconf 89' lang='grc' dir='ltr'><em>και</em></span> <span class='ocrx_word' id='word_1_179' title='bbox 306 3418 456 3510; x_wconf 86' lang='grc' dir='ltr'><em>άμελως</em></span> <span class='ocrx_word' id='word_1_180' title='bbox 466 3428 609 3521; x_wconf 81' lang='grc' dir='ltr'><em>ἔχοντας.</em></span> <span class='ocrx_word' id='word_1_181' title='bbox 629 3423 696 3490; x_wconf 78' lang='grc' dir='ltr'><em>Καὶ</em></span> <span class='ocrx_word' id='word_1_182' title='bbox 712 3419 753 3509; x_wconf 90' lang='grc' dir='ltr'><em>δη</em></span> <span class='ocrx_word' id='word_1_183' title='bbox 768 3421 942 3490; x_wconf 78' lang='grc' dir='ltr'><em>πολλοὶ</em></span> <span class='ocrx_word' id='word_1_184' title='bbox 896 3446 964 3487; x_wconf 91' lang='grc' dir='ltr'><em>των</em></span> <span class='ocrx_word' id='word_1_185' title='bbox 973 3415 1067 3504; x_wconf 82' lang='grc' dir='ltr'><em>’-Εφε</em></span> 
     </span>
    </p>

    <p class='ocr_par' dir='ltr' id='par_1_17' title="bbox 60 3515 1068 3615">
     <span class='ocr_line' id='line_1_31' title="bbox 60 3515 1068 3615; baseline 0.002 -26"><span class='ocrx_word' id='word_1_186' title='bbox 60 3549 84 3590; x_wconf 82' lang='grc' dir='ltr'><em>ει</em></span> <span class='ocrx_word' id='word_1_187' title='bbox 103 3533 189 3595; x_wconf 93' lang='grc' dir='ltr'><em>σίων</em></span> <span class='ocrx_word' id='word_1_188' title='bbox 202 3529 236 3594; x_wconf 88' lang='grc' dir='ltr'><em>οί</em></span> <span class='ocrx_word' id='word_1_189' title='bbox 246 3520 554 3615; x_wconf 71' lang='grc' dir='ltr'><em>μὲνάνηρόθησαν,</em></span> <span class='ocrx_word' id='word_1_190' title='bbox 569 3515 604 3594; x_wconf 86' lang='grc' dir='ltr'><em>οί</em></span> <span class='ocrx_word' id='word_1_191' title='bbox 614 3524 894 3615; x_wconf 74' lang='grc' dir='ltr'><em>δλζωγρηθεντες</em></span> <span class='ocrx_word' id='word_1_192' title='bbox 907 3519 1068 3592; x_wconf 89' lang='grc' dir='ltr'><em>εάλωσαν.</em></span> 
     </span>
    </p>
   </div>
   <div class='ocr_carea' id='block_1_6' title="bbox 0 0 1164 3892">
    <p class='ocr_par' dir='ltr' id='par_1_18' title="bbox 0 0 1164 3892">
     <span class='ocr_line' id='line_1_32' title="bbox 0 0 1164 3892; baseline 0 1"><span class='ocrx_word' id='word_1_193' title='bbox 0 0 1164 3892; x_wconf 95' lang='lat' dir='ltr'><em> </em></span> 
     </span>
    </p>
   </div>
  </div>
 </body>
</html>
