2318 3892
119 179 180 245 180
508 179 693 243 ΒΙΒΛΙΟΝ
1079 35 1088 241 δ

118 381 200 443 χην,
224 353 306 442 πρὶν
326 353 529 423 ἐπανελθεῖν
549 356 597 432 εἰς
616 348 680 440 τήν
700 348 801 421 πόλιν
821 345 959 432 κοίτας
977 350 1101 433 τύλος,

118 453 264 542 ἀνοῖξαι,
299 454 401 525 πάλιν
428 451 552 535 αὐτούς
580 456 737 525 ἐκέλευεν
770 448 1002 525 ἀποτίθεσθαι
1025 452 1068 534 τόν
1095 495 1101 534 ι

119 564 316 640 πανοπλίας.

69 666 171 749 1405)
198 661 391 747 Διονύσιος,
406 657 611 749 βουλόμενος
626 661 754 730 εἰδέναι
766 664 857 739 τίνες
871 656 945 729 είεν
957 662 995 727 οί
1004 655 1070 745 πρός
1095 680 1101 740 1

117 763 187 855 τήνΙ
196 769 384 853 τυραννίδα
402 759 586 849 ἀλλοτρίως
606 767 754 849 ἔχοντες,
773 763 1070 847 κατέπλευσεν(έτ)

118 874 176 959 τῆς
194 865 333 948 Ἰταλίας
360 868 394 946 ές
423 866 456 935 τὶ
475 862 626 955 κρυπτὸν
646 863 807 953 νεώριον,
833 861 879 945 ὥς
901 859 1073 945 ἀπολωλός
1096 875 1101 946 i

118 967 186 1042 ύπό
204 975 273 1040 τῶν
293 975 392 1040 ίδίων
411 973 635 1057 στρατιωτῶν.
673 972 719 1037 Οἱ
736 968 775 1039 δέ
794 971 974 1057 δυσμενῶς
991 971 1072 1055 ἀχω-
1098 986 1101 1049 j

118 1100 191 1160 τες,
218 1068 424 1151 συνθέοντες
449 1067 532 1159 μετά
556 1075 660 1157 χαρᾶς
687 1068 845 1160 ἀλλήλοις
872 1066 911 1141 τό
937 1084 1101 1159 πταίσμι,

119 1179 314 1265 διηγοῦντο·
341 1173 544 1258 [Διονύσιος]
571 1173 789 1261 συναρπάσας
810 1170 890 1255 τούς
915 1172 1074 1263 έφηδομέ·

119 1275 419 1357 νουςάπέιιτεινεν.

69 1385 170 1472 15(16)
196 1378 377 1458 Διονύσιος
408 1374 594 1466 ἀρρωστειν
622 1376 952 1467 προσποιησάμενος,
985 1376 1077 1465 λόγον

122 1477 322 1554 διέδωκεν
299 1509 345 1562 ως
359 1479 504 1569 ἐσχάτως
518 1489 571 1570 είη
589 1485 807 1568 διακείμενος.
836 1478 927 1551 Ἐπεὶ
951 1480 992 1551 δέ
1004 1490 1077 1551 πολ·

119 1585 173 1658 λολ
197 1582 280 1676 πρὸς
298 1581 362 1673 τήν
382 1579 499 1673 φήμην
522 1579 783 1673 ὑπερήσθησαν,
804 1579 907 1665 αάτδς
918 1583 1101 1707 μετάτιῐν

119 1686 323 1779 δορυφόρων
337 1682 564 1769 έπεξελθων”
542 1707 669 1757 απασιν
682 1685 807 1776 ἐφάνη,
830 1686 888 1756 καὶ
906 1683 990 1769 τούς
1001 1672 1101 1789 ἐφη·ἔ

120 1793 283 1880 δομένους
297 1788 492 1878 ἀπαχθῆναι
504 1789 717 1878 προσέταξεν.

72 1897 179 1980 1607)
202 1892 382 1972 Διονύσιος
403 1898 656 1981 Καρχηδονίους
683 1891 740 1962 ἐπὶ
765 1888 924 1978 μεγάλοις
952 1891 1079 1979 λύτροις

117 1993 302 2080 ἀπεδίδου,
317 1993 395 2074 τούς
409 1991 469 2064 δέ
466 1991 649 2083 Ελληνας”
628 2021 712 2064 ανευ
725 1992 870 2082 λύτρων.
905 1992 1077 2084 Καρχηδό·

117 2126 206 2185 νιοι,
231 2090 294 2187 τήν
314 2097 485 2187 τυράννου
511 2105 777 2185 φιλανθρωπίαν
800 2090 1078 2181 ὑποπτεύσαντες,

118 2197 177 2282 οὓς
191 2198 282 2288 εἶχον
295 2195 695 2288 μισθοφόρουςἝλληνας
708 2196 925 2287 ἀπέπεμψαν·
938 2204 989 2295 τῷ
1004 2211 1076 2271 Διο-

117 2311 225 2373 νυσίω
257 2300 344 2373 BV
323 2322 484 2390 αρισιαε
467 2300 536 2389 εἶχε
570 2308 743 2392 πολεμίων
770 2297 942 2390 Ἑλλήνων
969 2300 1070 2393 ἀπηλ·

119 2400 256 2494 λάχθαι

70 2518 103 2574 17
111 2510 172 2595 (18)
198 2506 400 2592 Διονύσιος,
421 2512 578 2596 πολεμῶν
601 2515 804 2596 Μεσηνίοις,
824 2531 893 2594 παρ
896 2497 1021 2587 ὀίς
1000 2526 1075 2597 ησαν

116 2605 264 2680 ὕποπτοί
281 2636 372 2690 τινες
393 2605 437 2690 οὓς
459 2609 695 2698 προδιδόντες,
727 2607 935 2697 βουλόμενος
959 2604 1075 2686 αύτούς

116 2710 308 2802 ταράττειν,
339 2710 403 2799 τήν
436 2738 506 2782 των
531 2708 644 2782 ἀλλων
670 2709 784 2801 χάραν
816 2712 1076 2801 λυμαινομένους

116 2818 175 2901 τῆς
187 2818 256 2882 τοῖν
270 2817 545 2901 διαβαλλομένων
558 2816 735 2884 ἐκέλευσεν
747 2810 944 2900 ἀπέχεσθαι.
976 2817 1074 2883 Τούτο

117 2915 181 3005 μέν
206 2912 248 3005 δή
280 2917 336 2984 καὶ
367 2911 481 2995 ἀλλοις
506 2914 582 2984 οἶδα
608 2930 804 3002 στρατηγοῖς
835 2917 1101 3005 πεπραγμένον..

117 3018 301 3098 Διονύσιος
315 3015 353 3086 δὲ
366 3012 449 3102 πρός
466 3016 597 3097 τούτοις
611 3018 668 3086 καὶ
682 3016 890 3107 στρατιώτην
903 3018 1078 3107 εἰσέπεμψε

117 3121 283 3190 τάλαντον
316 3124 458 3207 χρυσίου
485 3125 662 3206 κομίζοντα
690 3135 759 3200 τοῖς
785 3114 1076 3211 δποπτευομένοις.

123 3227 252 3293 Τοῦτον
264 3227 300 3294 οί
309 3220 478 3309 Μεσήνιοι
491 3217 574 3310 μετά
587 3229 728 3308 χρυσίου
742 3220 920 3308 λαβόντες,
940 3219 1077 3310 ἀνακρί-

115 3352 252 3412 ναντες,
266 3323 433 3412 μαθόντες
454 3317 505 3406 οἷς
519 3322 664 3412 ἐκόμιζε,
686 3321 765 3404 τοός
784 3323 847 3410 μὲν
868 3319 1101 3415 δμολογημό·ν

115 3455 196 3508 νους
221 3424 387 3517 προδότας
413 3423 574 3517 όόρμηοαν
599 3426 759 3511 κολάζειν.
802 3431 850 3497 Οί
874 3427 912 3497 δὲ
936 3418 1026 3518 ἦσαν
1044 3430 1077 3497 έν

115 3527 257 3618 δυνάμει
288 3531 345 3599 καὶ
378 3527 476 3601 αὐτοὶ
511 3534 668 3618 σφοδρός
710 3525 929 3619 ἀντέστησαν.
990 3526 1075 3619 Ἐγέ-
